%% This BibTeX bibliography file was created using BibDesk.
%% http://bibdesk.sourceforge.net/


%% Created for Jeremy Conlin at 2009-08-19 11:30:48 -0400 


%% Saved with string encoding Unicode (UTF-8) 



@article{Booth:2003Compu-0,
	Abstract = {Most Monte Carlo transport codes estimate the fundamental k-eigenfunction by means of a power iteration method. A modified power iteration method appears to generate the higher eigenfunctions for some Monte Carlo transport problems. This technical note describes the method as well as some plausibility arguments about why the method works. At this time, no formal proof exists to show that the method converges to the desired eigenfunction.},
	Address = {LA GRANGE PK},
	Author = {Booth, T. E.},
	Author-Address = {Los Alamos Natl Lab, Diagnost Applicat Grp X5, Los Alamos, NM 87545 USA.},
	Cited-Reference-Count = {9},
	Cited-References = {*US NUCL REG COMM, NUREGCR0200;ARNOW DM, 1982, J CHEM PHYS, V77, P5562;BRIESMEISTER JF, 2000, LA13709M LOS AL NAT;BROWN FB, 2001, ORG EC COOP DEV NUCL;COWLES MK, 1996, J AM STAT ASSOC, V91, P883;KADOTANI H, P INT C NUCL CRIT SA;MACMILLAN DB, 1973, NUCL SCI ENG, V50, P73;NOBLE B, 1969, APPL LINEAR ALGEBRA;URBATSCH TJ, 1995, LA13052T LOS AL NAT},
	Date = {MAR},
	Date-Added = {2009-08-19 11:30:47 -0400},
	Date-Modified = {2009-08-19 11:30:47 -0400},
	Document-Type = {Article},
	Isi = {ISI:000181135900007},
	Isi-Document-Delivery-Number = {648EB},
	Iso-Source-Abbreviation = {Nucl. Sci. Eng.},
	Issn = {0029-5639},
	Journal = {NUCLEAR SCIENCE AND ENGINEERING},
	Language = {English},
	Local-Url = {file://localhost/Users/jlconlin/Documents/Education/Papers/Booth/Booth2003Computi.pdf},
	Month = {Mar},
	Number = {3},
	Page-Count = {10},
	Pages = {291--300},
	Publication-Type = {J},
	Publisher = {AMER NUCLEAR SOCIETY},
	Publisher-Address = {555 N KENSINGTON AVENUE, LA GRANGE PK, IL 60526 USA},
	Reprint-Address = {Booth, TE, Los Alamos Natl Lab, Diagnost Applicat Grp X5, Mail Stop F663, Los Alamos, NM 87545 USA.},
	Source = {NUCL SCI ENG},
	Subject-Category = {Nuclear Science & Technology},
	Times-Cited = {2},
	Title = {Computing the higher k-eigenfunctions by Monte Carlo power iteration: A conjecture},
	Volume = {143},
	Year = {2003},
	Bdsk-File-1 = {YnBsaXN0MDDUAQIDBAUGCQpYJHZlcnNpb25UJHRvcFkkYXJjaGl2ZXJYJG9iamVjdHMSAAGGoNEHCFRyb290gAFfEA9OU0tleWVkQXJjaGl2ZXKoCwwXGBkdJCVVJG51bGzTDQ4PEBEUViRjbGFzc1dOUy5rZXlzWk5TLm9iamVjdHOAB6ISE4ACgAOiFRaABIAGWWFsaWFzRGF0YVxyZWxhdGl2ZVBhdGjSDRobHFdOUy5kYXRhgAVPEQHEAAAAAAHEAAIAAAloYW1yb2xsdXAAAAAAAAAAAAAAAAAAAAAAAADGFiH4SCsAAAAJ8cQUQm9vdGgyMDAzQ29tcHV0aS5wZGYAAAAAAAAAAAAAAAAAAAAAAAAAAAAAAAAAAAAAAAAAAAAAAAAAAAAAAAAAAAnxxsI6ZvoAAAAAAAAAAAACAAMAAAkgAAAAAAAAAAAAAAAAAAAABUJvb3RoAAAQAAgAAMYWWjgAAAARAAgAAMI6nzoAAAABABgACfHEAAnxsAAJ0qUACLosAAi6FQAAeYgAAgBOaGFtcm9sbHVwOlVzZXJzOmpsY29ubGluOkRvY3VtZW50czpFZHVjYXRpb246UGFwZXJzOkJvb3RoOkJvb3RoMjAwM0NvbXB1dGkucGRmAA4AKgAUAEIAbwBvAHQAaAAyADAAMAAzAEMAbwBtAHAAdQB0AGkALgBwAGQAZgAPABQACQBoAGEAbQByAG8AbABsAHUAcAASAERVc2Vycy9qbGNvbmxpbi9Eb2N1bWVudHMvRWR1Y2F0aW9uL1BhcGVycy9Cb290aC9Cb290aDIwMDNDb21wdXRpLnBkZgATAAEvAAAVAAIAD///AADSHh8gIVgkY2xhc3Nlc1okY2xhc3NuYW1loyEiI11OU011dGFibGVEYXRhVk5TRGF0YVhOU09iamVjdF8QJy4uLy4uL1BhcGVycy9Cb290aC9Cb290aDIwMDNDb21wdXRpLnBkZtIeHyYnoicjXE5TRGljdGlvbmFyeQAIABEAGgAfACkAMgA3ADoAPwBBAFMAXABiAGkAcAB4AIMAhQCIAIoAjACPAJEAkwCdAKoArwC3ALkCgQKGAo8CmgKeAqwCswK8AuYC6wLuAAAAAAAAAgEAAAAAAAAAKAAAAAAAAAAAAAAAAAAAAvs=}}

@misc{Akcasu:5-0,
	Author = {Ziya Akcasu},
	Date-Added = {2009-08-19 11:27:46 -0400},
	Date-Modified = {2009-08-19 11:28:04 -0400},
	Howpublished = {personal communication}}

@article{Vashaee:2008Refer-0,
	Annote = { The problem of estimating reactivity transients from an observed neutron flux transient is considered. This is relevant, for example, to analyzing a power rundown test or to estimating reactivity variations associated with some computer codes that do not specifically compute individual reactivity components. A method is presented which utilizes inverse space-time kinetics and optimal state estimators to extract the components of the reactivity transient from observed neutron flux measurements. The approach takes into account geometric characteristics and composition of the reactor core, as well as reactor operating conditions. Measurements from a limited number of in-core neutron flux detectors are the inputs used to extract reactivity components that fit a modal model of the reactor, referred to as the "reference model". An improved solution for the reactivity components is then generated using the modal approximation solution for the neutron transport equation in conjunction with optimal estimation techniques. The method has been applied to a reactivity initiated accident in which a transient is initiated by a non-uniform loss-of-coolant. This results in a spatially varying neutron overpower transient that is terminated by the asymmetric insertion of shutoff rods. In this paper the Joint Extended Kalman Filter and Rauch-Tung-Striebel smoother is employed to estimate the neutron flux distribution in the core and identify the reactivity components of the reference model. The reference model in the state space and the Kalman filter algorithm are shown. Results of numerical simulations of the reactor transient and the optimal estimation of the reactivity components are presented to demonstrate the capabilities of the method.},
	Author = {Vashaee, Daryoosh and Tayebi, Lobat and Luxat, John},
	Date = {2008/2//},
	Date-Added = {2009-08-19 00:02:28 -0400},
	Date-Modified = {2009-08-19 00:02:28 -0400},
	Isbn = {0306-4549},
	Journal = {Annals of Nuclear Energy},
	M3 = {doi: DOI: 10.1016/j.anucene.2007.06.021},
	Month = {2},
	Number = {2},
	Pages = {228--237},
	Title = {Reference model parameter identification of space-time dependent reactivity in a CANDU-PHWR},
	Ty = {JOUR},
	Url = {http://www.sciencedirect.com/science/article/B6V1R-4PG2M10-1/2/de9bc85ba9b250b4c959245b95312726},
	Volume = {35},
	Year = {2008},
	Bdsk-File-1 = {YnBsaXN0MDDUAQIDBAUGCQpYJHZlcnNpb25UJHRvcFkkYXJjaGl2ZXJYJG9iamVjdHMSAAGGoNEHCFRyb290gAFfEA9OU0tleWVkQXJjaGl2ZXKoCwwXGBkdJCVVJG51bGzTDQ4PEBEUViRjbGFzc1dOUy5rZXlzWk5TLm9iamVjdHOAB6ISE4ACgAOiFRaABIAGWWFsaWFzRGF0YVxyZWxhdGl2ZVBhdGjSDRobHFdOUy5kYXRhgAVPEQHSAAAAAAHSAAIAAAloYW1yb2xsdXAAAAAAAAAAAAAAAAAAAAAAAADGFiH4SCsAAAMnTAEWVmFzaGFlZTIwMDhSZWZlci0wLnBkZgAAAAAAAAAAAAAAAAAAAAAAAAAAAAAAAAAAAAAAAAAAAAAAAAAAAAAAAydLccaw7+AAAAAAAAAAAAACAAMAAAkgAAAAAAAAAAAAAAAAAAAAB1Zhc2hhZWUAABAACAAAxhZaOAAAABEACAAAxrEoIAAAAAEAGAMnTAEACfGwAAnSpQAIuiwACLoVAAB5iAACAFJoYW1yb2xsdXA6VXNlcnM6amxjb25saW46RG9jdW1lbnRzOkVkdWNhdGlvbjpQYXBlcnM6VmFzaGFlZTpWYXNoYWVlMjAwOFJlZmVyLTAucGRmAA4ALgAWAFYAYQBzAGgAYQBlAGUAMgAwADAAOABSAGUAZgBlAHIALQAwAC4AcABkAGYADwAUAAkAaABhAG0AcgBvAGwAbAB1AHAAEgBIVXNlcnMvamxjb25saW4vRG9jdW1lbnRzL0VkdWNhdGlvbi9QYXBlcnMvVmFzaGFlZS9WYXNoYWVlMjAwOFJlZmVyLTAucGRmABMAAS8AABUAAgAP//8AANIeHyAhWCRjbGFzc2VzWiRjbGFzc25hbWWjISIjXU5TTXV0YWJsZURhdGFWTlNEYXRhWE5TT2JqZWN0XxArLi4vLi4vUGFwZXJzL1Zhc2hhZWUvVmFzaGFlZTIwMDhSZWZlci0wLnBkZtIeHyYnoicjXE5TRGljdGlvbmFyeQAIABEAGgAfACkAMgA3ADoAPwBBAFMAXABiAGkAcAB4AIMAhQCIAIoAjACPAJEAkwCdAKoArwC3ALkCjwKUAp0CqAKsAroCwQLKAvgC/QMAAAAAAAAAAgEAAAAAAAAAKAAAAAAAAAAAAAAAAAAAAw0=},
	Bdsk-Url-1 = {http://www.sciencedirect.com/science/article/B6V1R-4PG2M10-1/2/de9bc85ba9b250b4c959245b95312726}}

@article{Verdu:1998Modal-0,
	Abstract = {In-phase and out-of-phase instabilities have been observed in BWR reactors. To improve the safety systems of these reactors, it is necessary to be able to detect in a reliable way these oscillations from the neutronic signals. In this paper a methodology to decompose the neutronic signals in its modal amplitudes is proposed. This decomposition is based on the normal and the adjoint dominant Lambda modes of a static configuration of the reactor core. The calculation of these eigenmodes for a realistic problem is reviewed and the oscillation parameters for the modal decompositions of the neutronic signals from Ringhals reactor have been calculated using the proposed methodology. 
},
	Author = {G Verd\'{u} and D Ginestar and V Vidal and R Mir\'{o}},
	Date-Added = {2009-08-19 00:02:24 -0400},
	Date-Modified = {2009-08-19 00:02:24 -0400},
	Journal = {Nuclear Science and Technology},
	Keywords = {modal decomposition, Lambda modes, neutronic signals, in-phase and out-of-phase instabilities, BWR type reactors},
	Month = {August},
	Number = {8},
	Pages = {538-546},
	Title = {Modal Decomposition Method for BWR Stability Analysis},
	Volume = {35},
	Year = {1998},
	Bdsk-File-1 = {YnBsaXN0MDDUAQIDBAUGCQpYJHZlcnNpb25UJHRvcFkkYXJjaGl2ZXJYJG9iamVjdHMSAAGGoNEHCFRyb290gAFfEA9OU0tleWVkQXJjaGl2ZXKoCwwXGBkdJCVVJG51bGzTDQ4PEBEUViRjbGFzc1dOUy5rZXlzWk5TLm9iamVjdHOAB6ISE4ACgAOiFRaABIAGWWFsaWFzRGF0YVxyZWxhdGl2ZVBhdGjSDRobHFdOUy5kYXRhgAVPEQHEAAAAAAHEAAIAAAloYW1yb2xsdXAAAAAAAAAAAAAAAAAAAAAAAADGFiH4SCsAAAAJ8oAUVmVyZHUxOTk4TW9kYWwtMC5wZGYAAAAAAAAAAAAAAAAAAAAAAAAAAAAAAAAAAAAAAAAAAAAAAAAAAAAAAAAAAydLgsaw8AIAAAAAAAAAAAACAAMAAAkgAAAAAAAAAAAAAAAAAAAABVZlcmR1AAAQAAgAAMYWWjgAAAARAAgAAMaxKEIAAAABABgACfKAAAnxsAAJ0qUACLosAAi6FQAAeYgAAgBOaGFtcm9sbHVwOlVzZXJzOmpsY29ubGluOkRvY3VtZW50czpFZHVjYXRpb246UGFwZXJzOlZlcmR1OlZlcmR1MTk5OE1vZGFsLTAucGRmAA4AKgAUAFYAZQByAGQAdQAxADkAOQA4AE0AbwBkAGEAbAAtADAALgBwAGQAZgAPABQACQBoAGEAbQByAG8AbABsAHUAcAASAERVc2Vycy9qbGNvbmxpbi9Eb2N1bWVudHMvRWR1Y2F0aW9uL1BhcGVycy9WZXJkdS9WZXJkdTE5OThNb2RhbC0wLnBkZgATAAEvAAAVAAIAD///AADSHh8gIVgkY2xhc3Nlc1okY2xhc3NuYW1loyEiI11OU011dGFibGVEYXRhVk5TRGF0YVhOU09iamVjdF8QJy4uLy4uL1BhcGVycy9WZXJkdS9WZXJkdTE5OThNb2RhbC0wLnBkZtIeHyYnoicjXE5TRGljdGlvbmFyeQAIABEAGgAfACkAMgA3ADoAPwBBAFMAXABiAGkAcAB4AIMAhQCIAIoAjACPAJEAkwCdAKoArwC3ALkCgQKGAo8CmgKeAqwCswK8AuYC6wLuAAAAAAAAAgEAAAAAAAAAKAAAAAAAAAAAAAAAAAAAAvs=}}

@phdthesis{Cao:2008Space-0,
	Author = {Yan Cao},
	Date-Added = {2009-08-18 15:18:28 -0400},
	Date-Modified = {2009-08-18 15:18:28 -0400},
	School = {University of Michigan},
	Title = {Space-Time Kinetics and Time-Eigenfunctions},
	Year = {2008},
	Bdsk-File-1 = {YnBsaXN0MDDUAQIDBAUGCQpYJHZlcnNpb25UJHRvcFkkYXJjaGl2ZXJYJG9iamVjdHMSAAGGoNEHCFRyb290gAFfEA9OU0tleWVkQXJjaGl2ZXKoCwwXGBkdJCVVJG51bGzTDQ4PEBEUViRjbGFzc1dOUy5rZXlzWk5TLm9iamVjdHOAB6ISE4ACgAOiFRaABIAGWWFsaWFzRGF0YVxyZWxhdGl2ZVBhdGjSDRobHFdOUy5kYXRhgAVPEQG2AAAAAAG2AAIAAAloYW1yb2xsdXAAAAAAAAAAAAAAAAAAAAAAAADGFiH4SCsAAAMj2S4SQ2FvMjAwOFNwYWNlLTAucGRmAAAAAAAAAAAAAAAAAAAAAAAAAAAAAAAAAAAAAAAAAAAAAAAAAAAAAAAAAAAAABmix8YWSxgAAAAAAAAAAAACAAMAAAkgAAAAAAAAAAAAAAAAAAAAA0NhbwAAEAAIAADGFlo4AAAAEQAIAADGFoNYAAAAAQAYAyPZLgAJ8bAACdKlAAi6LAAIuhUAAHmIAAIASmhhbXJvbGx1cDpVc2VyczpqbGNvbmxpbjpEb2N1bWVudHM6RWR1Y2F0aW9uOlBhcGVyczpDYW86Q2FvMjAwOFNwYWNlLTAucGRmAA4AJgASAEMAYQBvADIAMAAwADgAUwBwAGEAYwBlAC0AMAAuAHAAZABmAA8AFAAJAGgAYQBtAHIAbwBsAGwAdQBwABIAQFVzZXJzL2psY29ubGluL0RvY3VtZW50cy9FZHVjYXRpb24vUGFwZXJzL0Nhby9DYW8yMDA4U3BhY2UtMC5wZGYAEwABLwAAFQACAA///wAA0h4fICFYJGNsYXNzZXNaJGNsYXNzbmFtZaMhIiNdTlNNdXRhYmxlRGF0YVZOU0RhdGFYTlNPYmplY3RfECMuLi8uLi9QYXBlcnMvQ2FvL0NhbzIwMDhTcGFjZS0wLnBkZtIeHyYnoicjXE5TRGljdGlvbmFyeQAIABEAGgAfACkAMgA3ADoAPwBBAFMAXABiAGkAcAB4AIMAhQCIAIoAjACPAJEAkwCdAKoArwC3ALkCcwJ4AoECjAKQAp4CpQKuAtQC2QLcAAAAAAAAAgEAAAAAAAAAKAAAAAAAAAAAAAAAAAAAAuk=}}

@article{Kulik:2006Space-0,
	Author = {Viktoriya V. Kulik and John C. Lee},
	Date-Added = {2009-08-18 15:02:33 -0400},
	Date-Modified = {2009-08-18 15:03:36 -0400},
	Journal = {Nuclear Science and Engineering},
	Pages = {69--89},
	Title = {Space-Time Correction for Reactivity Determination in Source-Driven Subcritical Systems},
	Volume = {153},
	Year = {2006},
	Bdsk-File-1 = {YnBsaXN0MDDUAQIDBAUGCQpYJHZlcnNpb25UJHRvcFkkYXJjaGl2ZXJYJG9iamVjdHMSAAGGoNEHCFRyb290gAFfEA9OU0tleWVkQXJjaGl2ZXKoCwwXGBkdJCVVJG51bGzTDQ4PEBEUViRjbGFzc1dOUy5rZXlzWk5TLm9iamVjdHOAB6ISE4ACgAOiFRaABIAGWWFsaWFzRGF0YVxyZWxhdGl2ZVBhdGjSDRobHFdOUy5kYXRhgAVPEQHEAAAAAAHEAAIAAAloYW1yb2xsdXAAAAAAAAAAAAAAAAAAAAAAAADGFiH4SCsAAAMje1wUS3VsaWsyMDA2U3BhY2UtMC5wZGYAAAAAAAAAAAAAAAAAAAAAAAAAAAAAAAAAAAAAAAAAAAAAAAAAAAAAAAAAAyN1j8awcBdQREYgx0lDyAACAAMAAAkgAAAAAAAAAAAAAAAAAAAABUt1bGlrAAAQAAgAAMYWWjgAAAARAAgAAMawqFcAAAABABgDI3tcAAnxsAAJ0qUACLosAAi6FQAAeYgAAgBOaGFtcm9sbHVwOlVzZXJzOmpsY29ubGluOkRvY3VtZW50czpFZHVjYXRpb246UGFwZXJzOkt1bGlrOkt1bGlrMjAwNlNwYWNlLTAucGRmAA4AKgAUAEsAdQBsAGkAawAyADAAMAA2AFMAcABhAGMAZQAtADAALgBwAGQAZgAPABQACQBoAGEAbQByAG8AbABsAHUAcAASAERVc2Vycy9qbGNvbmxpbi9Eb2N1bWVudHMvRWR1Y2F0aW9uL1BhcGVycy9LdWxpay9LdWxpazIwMDZTcGFjZS0wLnBkZgATAAEvAAAVAAIAD///AADSHh8gIVgkY2xhc3Nlc1okY2xhc3NuYW1loyEiI11OU011dGFibGVEYXRhVk5TRGF0YVhOU09iamVjdF8QJy4uLy4uL1BhcGVycy9LdWxpay9LdWxpazIwMDZTcGFjZS0wLnBkZtIeHyYnoicjXE5TRGljdGlvbmFyeQAIABEAGgAfACkAMgA3ADoAPwBBAFMAXABiAGkAcAB4AIMAhQCIAIoAjACPAJEAkwCdAKoArwC3ALkCgQKGAo8CmgKeAqwCswK8AuYC6wLuAAAAAAAAAgEAAAAAAAAAKAAAAAAAAAAAAAAAAAAAAvs=}}

@article{Gubernatis20088508,
	Abstract = {
We report the production and benchmarking of several refinements of the power method that enable the computation of multiple extremal eigenpairs of very large matrices. In these refinements we used an observation by Booth that has made possible the calculation of up to the 10th eigenpair for simple test problems simulating the transport of neutrons in the steady state of a nuclear reactor. Here, we summarize our techniques and efforts to-date on determining mainly just the two largest or two smallest eigenpairs. To illustrate the effectiveness of the techniques, we determined the two extremal eigenpairs of a cyclic matrix, the transfer matrix of the two-dimensional Ising model, and the Hamiltonian matrix of the one-dimensional Hubbard model.},
	Author = {J.E. Gubernatis and T.E. Booth},
	Date-Added = {2009-07-27 13:15:31 -0400},
	Date-Modified = {2009-07-27 13:15:31 -0400},
	Doi = {DOI: 10.1016/j.jcp.2008.06.001},
	Issn = {0021-9991},
	Journal = {Journal of Computational Physics},
	Keywords = {Power method},
	Number = {19},
	Pages = {8508 - 8522},
	Title = {Multiple extremal eigenpairs by the power method},
	Url = {http://www.sciencedirect.com/science/article/B6WHY-4SSG52W-2/2/043a1aa73d7074db84b56959ffe52e08},
	Volume = {227},
	Year = {2008},
	Bdsk-File-1 = {YnBsaXN0MDDUAQIDBAUGCQpYJHZlcnNpb25UJHRvcFkkYXJjaGl2ZXJYJG9iamVjdHMSAAGGoNEHCFRyb290gAFfEA9OU0tleWVkQXJjaGl2ZXKoCwwXGBkdJCVVJG51bGzTDQ4PEBEUViRjbGFzc1dOUy5rZXlzWk5TLm9iamVjdHOAB6ISE4ACgAOiFRaABIAGWWFsaWFzRGF0YVxyZWxhdGl2ZVBhdGjSDRobHFdOUy5kYXRhgAVPEQHmAAAAAAHmAAIAAAloYW1yb2xsdXAAAAAAAAAAAAAAAAAAAAAAAADGFiH4SCsAAAJ13E0ZR3ViZXJuYXRpczIwMDhNdWx0aS0wLnBkZgAAAAAAAAAAAAAAAAAAAAAAAAAAAAAAAAAAAAAAAAAAAAAAAAAAAnXcBMaPHOoAAAAAAAAAAAACAAMAAAkgAAAAAAAAAAAAAAAAAAAACkd1YmVybmF0aXMAEAAIAADGFlo4AAAAEQAIAADGj1UqAAAAAQAYAnXcTQAJ8bAACdKlAAi6LAAIuhUAAHmIAAIAWGhhbXJvbGx1cDpVc2VyczpqbGNvbmxpbjpEb2N1bWVudHM6RWR1Y2F0aW9uOlBhcGVyczpHdWJlcm5hdGlzOkd1YmVybmF0aXMyMDA4TXVsdGktMC5wZGYADgA0ABkARwB1AGIAZQByAG4AYQB0AGkAcwAyADAAMAA4AE0AdQBsAHQAaQAtADAALgBwAGQAZgAPABQACQBoAGEAbQByAG8AbABsAHUAcAASAE5Vc2Vycy9qbGNvbmxpbi9Eb2N1bWVudHMvRWR1Y2F0aW9uL1BhcGVycy9HdWJlcm5hdGlzL0d1YmVybmF0aXMyMDA4TXVsdGktMC5wZGYAEwABLwAAFQACAA///wAA0h4fICFYJGNsYXNzZXNaJGNsYXNzbmFtZaMhIiNdTlNNdXRhYmxlRGF0YVZOU0RhdGFYTlNPYmplY3RfEDEuLi8uLi9QYXBlcnMvR3ViZXJuYXRpcy9HdWJlcm5hdGlzMjAwOE11bHRpLTAucGRm0h4fJieiJyNcTlNEaWN0aW9uYXJ5AAgAEQAaAB8AKQAyADcAOgA/AEEAUwBcAGIAaQBwAHgAgwCFAIgAigCMAI8AkQCTAJ0AqgCvALcAuQKjAqgCsQK8AsACzgLVAt4DEgMXAxoAAAAAAAACAQAAAAAAAAAoAAAAAAAAAAAAAAAAAAADJw==},
	Bdsk-Url-1 = {http://www.sciencedirect.com/science/article/B6WHY-4SSG52W-2/2/043a1aa73d7074db84b56959ffe52e08},
	Bdsk-Url-2 = {http://dx.doi.org/10.1016/j.jcp.2008.06.001}}

@unpublished{Holloway:2008An-In-0,
	Author = {James Holloway and Jeremy Conlin},
	Date-Added = {2009-07-22 15:12:49 -0400},
	Date-Modified = {2009-07-22 15:17:44 -0400},
	Month = {August},
	Note = {Unpublished Work},
	Title = {An Inner Product Space of Sampled Fission Sources},
	Year = {2008},
	Bdsk-File-1 = {YnBsaXN0MDDUAQIDBAUGCQpYJHZlcnNpb25UJHRvcFkkYXJjaGl2ZXJYJG9iamVjdHMSAAGGoNEHCFRyb290gAFfEA9OU0tleWVkQXJjaGl2ZXKoCwwXGBkdJCVVJG51bGzTDQ4PEBEUViRjbGFzc1dOUy5rZXlzWk5TLm9iamVjdHOAB6ISE4ACgAOiFRaABIAGWWFsaWFzRGF0YVxyZWxhdGl2ZVBhdGjSDRobHFdOUy5kYXRhgAVPEQHYAAAAAAHYAAIAAAloYW1yb2xsdXAAAAAAAAAAAAAAAAAAAAAAAADGFiH4SCsAAAJngeQXSG9sbG93YXkyMDA4QW4gSW4tMC5wZGYAAAAAAAAAAAAAAAAAAAAAAAAAAAAAAAAAAAAAAAAAAAAAAAAAAAAAAmd/O8aM3doAAAAAAAAAAAACAAMAAAkgAAAAAAAAAAAAAAAAAAAACEhvbGxvd2F5ABAACAAAxhZaOAAAABEACAAAxo0WGgAAAAEAGAJngeQACfGwAAnSpQAIuiwACLoVAAB5iAACAFRoYW1yb2xsdXA6VXNlcnM6amxjb25saW46RG9jdW1lbnRzOkVkdWNhdGlvbjpQYXBlcnM6SG9sbG93YXk6SG9sbG93YXkyMDA4QW4gSW4tMC5wZGYADgAwABcASABvAGwAbABvAHcAYQB5ADIAMAAwADgAQQBuACAASQBuAC0AMAAuAHAAZABmAA8AFAAJAGgAYQBtAHIAbwBsAGwAdQBwABIASlVzZXJzL2psY29ubGluL0RvY3VtZW50cy9FZHVjYXRpb24vUGFwZXJzL0hvbGxvd2F5L0hvbGxvd2F5MjAwOEFuIEluLTAucGRmABMAAS8AABUAAgAP//8AANIeHyAhWCRjbGFzc2VzWiRjbGFzc25hbWWjISIjXU5TTXV0YWJsZURhdGFWTlNEYXRhWE5TT2JqZWN0XxAtLi4vLi4vUGFwZXJzL0hvbGxvd2F5L0hvbGxvd2F5MjAwOEFuIEluLTAucGRm0h4fJieiJyNcTlNEaWN0aW9uYXJ5AAgAEQAaAB8AKQAyADcAOgA/AEEAUwBcAGIAaQBwAHgAgwCFAIgAigCMAI8AkQCTAJ0AqgCvALcAuQKVApoCowKuArICwALHAtADAAMFAwgAAAAAAAACAQAAAAAAAAAoAAAAAAAAAAAAAAAAAAADFQ==}}

@phdthesis{Freitag:2007Inner-0,
	Author = {Melina Annerose Freitag},
	Date-Added = {2009-07-17 14:47:35 -0400},
	Date-Modified = {2009-07-17 14:47:35 -0400},
	Month = {September},
	School = {University of Bath},
	Title = {Inner-outer Iterative Methods for Eigenvalue Problems---Convergence and Preconditioning},
	Year = {2007}}

@article{Simoncini:2003Theor-0,
	Abstract = {We provide a general framework for the understanding of inexact Krylov subspace methods for the solution of symmetric and nonsymmetric linear systems of equations, as well as for certain eigenvalue calculations. This framework allows us to explain the empirical results reported in a series of CERFACS technical reports by Bouras, Fraysse, and Giraud in 2000. Furthermore, assuming exact arithmetic, our analysis can be used to produce computable criteria to bound the inexactness of the matrix-vector multiplication in such a way as to maintain the convergence of the Krylov subspace method. The theory developed is applied to several problems including the solution of Schur complement systems, linear systems which depend on a parameter, and eigenvalue problems. Numerical experiments for some of these scientific applications are reported.},
	Address = {PHILADELPHIA},
	Author = {Simoncini, V. and Szyld, D. B.},
	Author-Address = {Univ Bologna, Dipartimento Matemat, I-40126 Bologna, Italy. CNR, Ist Matemat Applicata & Tecnol Informat, I-27100 Pavia, Italy. Temple Univ 038 16, Dept Math, Philadelphia, PA 19122 USA.},
	Author-Keywords = {inexact matrix-vector multiplies; Krylov subspace methods; inexact preconditioning; inner-outer methods; iterative nonsymmetric solver},
	Cited-Reference-Count = {39},
	Cited-References = {BAI Z, 2000, TEMPLATES SOLUTION A;BIETENHOLZ W, 1999, COMPUT PHYS COMMUN, V119, P1;BOURAS A, 2000, TRPA0015 CERFACS;BOURAS A, 2000, TRPA0016 CERFACS;BOURAS A, 2000, TRPA0017 CERFACS;BROWN PN, 1991, SIAM J SCI STAT COMP, V12, P58;DEMBO RS, 1982, SIAM J NUMER ANAL, V19, P400;DUFF IS, 1989, DIRECT METHODS SPARS;EIERMANN M, 2001, ACT NUMERIC, V10, P251;ELMAN HC, 2001, SIAM J SCI COMPUT, V23, P1291;FROMMER A, 1992, NUMER MATH, V63, P345;GOLUB GH, 1988, NUMER MATH, V53, P571;GOLUB GH, 1999, SIAM J SCI COMPUT, V21, P1305;GOLUB GH, 2000, BIT, V40, P671;GOLUB GH, 2000, LINEAR ALGEBRA APPL, V309, P289;GREENBAUM A, 1997, ITERATIVE METHODS SO;HIGHAM NJ, 1995, 276 U MANCH MANCH CT;MANDEL J, 1990, NUMER MATH, V58, P79;MARYSKA J, 2000, SIAM J SCI COMPUT, V22, P704;MEERBERGEN K, 2003, SIAM J MATRIX ANAL A, V24, P1038;NOTAY Y, 2000, SIAM J SCI COMPUT, V22, P1444;PAIGE CC, 1995, NUMER LINEAR ALGEBR, V2, P115;PARLETT B, 1980, SYMMETRIC EIGENVALUE;PERUGIA I, 1999, SIAM J SCI COMPUT, V21, P1085;PERUGIA I, 2000, NUMER LINEAR ALGEBR, V7, P585;SAAD Y, 1993, SIAM J SCI COMPUT, V14, P461;SAAD Y, 1996, ITERATIVE METHODS SP;SHERMAN AH, 1978, SIAM J NUMER ANAL, V15, P755;SILVESTER D, 1994, SIAM J NUMER ANAL, V31, P1352;SIMONCINI V, 2002, BIT, V42, P159;SIMONCINI V, 2002, SIAM J SCI COMPUT, V23, P1875;SIMONCINI V, 2003, LATS S IT SOLV LARG, V40, P2219;SLEIJPEN GLG, 2002, 1224 U UTR DEP MATH;SMITH BF, 1996, DOMAIN DECOMPOSITION;STEWART GW, 2002, LINEAR ALGEBRA APPL, V340, P81;SZYLD DB, 2001, SIAM J SCI COMPUT, V23, P363;TREFETHEN LN, 1997, SIAM REV, V39, P383;VANDENESHOF J, 2002, COMPUT PHYS COMMUN, V146, P203;WARSA JS, IN PRESS NUMER LINEA},
	Date-Added = {2009-07-17 14:45:53 -0400},
	Date-Modified = {2009-07-30 15:11:13 -0400},
	Document-Type = {Article},
	Isi = {ISI:000187148900007},
	Isi-Document-Delivery-Number = {752FG},
	Iso-Source-Abbreviation = {SIAM J. Sci. Comput.},
	Issn = {1064-8275},
	Journal = {SIAM Journal on Scientific Computing},
	Keywords = {ITERATIVE METHODS; EIGENVALUE PROBLEMS; LINEAR-SYSTEMS; ERROR-BOUNDS; PRECONDITIONERS; APPROXIMATION},
	Language = {English},
	Local-Url = {file://localhost/Users/jlconlin/Documents/Education/Papers/Simoncini/Simoncini2003Theory%20.pdf},
	Number = {2},
	Page-Count = {24},
	Pages = {454--477},
	Publication-Type = {J},
	Publisher = {SIAM PUBLICATIONS},
	Publisher-Address = {3600 UNIV CITY SCIENCE CENTER, PHILADELPHIA, PA 19104-2688 USA},
	Reprint-Address = {Simoncini, V, Univ Bologna, Dipartimento Matemat, I-40126 Bologna, Italy.},
	Source = {SIAM J SCI COMPUT},
	Subject-Category = {Mathematics, Applied},
	Times-Cited = {19},
	Title = {Theory of inexact Krylov subspace methods and applications to scientific computing},
	Volume = {25},
	Year = {2003},
	Bdsk-File-1 = {YnBsaXN0MDDUAQIDBAUGCQpYJHZlcnNpb25UJHRvcFkkYXJjaGl2ZXJYJG9iamVjdHMSAAGGoNEHCFRyb290gAFfEA9OU0tleWVkQXJjaGl2ZXKoCwwXGBkdJCVVJG51bGzTDQ4PEBEUViRjbGFzc1dOUy5rZXlzWk5TLm9iamVjdHOAB6ISE4ACgAOiFRaABIAGWWFsaWFzRGF0YVxyZWxhdGl2ZVBhdGjSDRobHFdOUy5kYXRhgAVPEQHgAAAAAAHgAAIAAAloYW1yb2xsdXAAAAAAAAAAAAAAAAAAAAAAAADGFiH4SCsAAAAJ8mMYU2ltb25jaW5pMjAwM1RoZW9yeSAucGRmAAAAAAAAAAAAAAAAAAAAAAAAAAAAAAAAAAAAAAAAAAAAAAAAAAAAAAnyZcLWAWQAAAAAAAAAAAACAAMAAAkgAAAAAAAAAAAAAAAAAAAACVNpbW9uY2luaQAAEAAIAADGFlo4AAAAEQAIAADC1jmkAAAAAQAYAAnyYwAJ8bAACdKlAAi6LAAIuhUAAHmIAAIAVmhhbXJvbGx1cDpVc2VyczpqbGNvbmxpbjpEb2N1bWVudHM6RWR1Y2F0aW9uOlBhcGVyczpTaW1vbmNpbmk6U2ltb25jaW5pMjAwM1RoZW9yeSAucGRmAA4AMgAYAFMAaQBtAG8AbgBjAGkAbgBpADIAMAAwADMAVABoAGUAbwByAHkAIAAuAHAAZABmAA8AFAAJAGgAYQBtAHIAbwBsAGwAdQBwABIATFVzZXJzL2psY29ubGluL0RvY3VtZW50cy9FZHVjYXRpb24vUGFwZXJzL1NpbW9uY2luaS9TaW1vbmNpbmkyMDAzVGhlb3J5IC5wZGYAEwABLwAAFQACAA///wAA0h4fICFYJGNsYXNzZXNaJGNsYXNzbmFtZaMhIiNdTlNNdXRhYmxlRGF0YVZOU0RhdGFYTlNPYmplY3RfEC8uLi8uLi9QYXBlcnMvU2ltb25jaW5pL1NpbW9uY2luaTIwMDNUaGVvcnkgLnBkZtIeHyYnoicjXE5TRGljdGlvbmFyeQAIABEAGgAfACkAMgA3ADoAPwBBAFMAXABiAGkAcAB4AIMAhQCIAIoAjACPAJEAkwCdAKoArwC3ALkCnQKiAqsCtgK6AsgCzwLYAwoDDwMSAAAAAAAAAgEAAAAAAAAAKAAAAAAAAAAAAAAAAAAAAx8=}}

@article{Eshof:2004Inexa-0,
	Abstract = {There is a class of linear problems for which the computation of the matrix-vector product is very expensive since a time consuming method is necessary to approximate it with some prescribed relative precision. In this paper we investigate the impact of approximately computed matrix-vector products on the convergence and attainable accuracy of several Krylov subspace solvers. We will argue that the sensitivity towards perturbations is mainly determined by the underlying way the Krylov subspace is constructed and does not depend on the optimality properties of the particular method. The obtained insight is used to tune the precision of the matrix-vector product in every iteration step in such a way that an overall efficient process is obtained. Our analysis confirms the empirically found relaxation strategy of Bouras and Fraysse for the GMRES method proposed in [A Relaxation Strategy for Inexact Matrix-Vector Products for Krylov Methods, Technical Report TR/PA/00/15, CERFACS, France, 2000]. Furthermore, we give an improved version of a strategy for the conjugate gradient method of Bouras, Fraysse, and Giraud used in [A Relaxation Strategy for Inner-Outer Linear Solvers in Domain Decomposition Methods, Technical Report TR/PA/00/17, CERFACS, France, 2000].},
	Address = {PHILADELPHIA},
	Author = {van den Eshof, J. and Sleijpen, G. L. G.},
	Author-Address = {Univ Dusseldorf, Dept Math, D-40224 Dusseldorf, Germany. Univ Utrecht, Dept Math, NL-3508 TA Utrecht, Netherlands.},
	Author-Keywords = {Krylov subspace methods; inexact matrix-vector product; approximate matrix-vector product; Richardson iteration; Chebyshev iteration; GMRES; FOM; CG; Orthores; residual gap},
	Cited-Reference-Count = {33},
	Cited-References = {BANK RE, 1993, NUMER MATH, V66, P295;BJORCK A, 1998, SIAM J MATRIX ANAL A, V19, P720;BOURAS A, 2000, TRPA0015 CERFACS;BOURAS A, 2000, TRPA0017 CERFACS;BROWN PN, 1991, SIAM J SCI STAT COMP, V12, P58;FISCHER B, 1996, POLYNOMIAL BASED ITE;FOX L, 1972, CHEBYSHEV POLYNOMIAL;FROMMER A, 2000, LECT NOTES COMPUTATI;GILADI E, 1998, SIAM J NUMER ANAL, V35, P300;GOLUB GH, 1988, NUMER MATH, V53, P571;GOLUB GH, 1996, MATRIX COMPUTATIONS;GOLUB GH, 1999, SIAM J SCI COMPUT, V21, P1305;GOLUB GH, 2000, LINEAR ALGEBRA APPL, V309, P289;GREENBAUM A, 1989, LINEAR ALGEBRA APPL, V113, P7;GREENBAUM A, 1997, FRONTIERS APPL MATH, V17;GREENBAUM A, 1997, SIAM J MATRIX ANAL A, V18, P535;GREENBAUM A, 1999, ZH VYCHISL MAT MAT F, V39, P371;GUTKNECHT MH, 1997, ACTA NUMERICA, V6, P271;GUTKNECHT MH, 2000, SIAM J MATRIX ANAL A, V22, P213;GUTKNECHT MH, 2002, PARALLEL COMPUT, V28, P263;HESTENES MR, 1952, J RES NBS, V49, P409;HIGHAM NJ, 1996, ACCURACY STABILITY N;PAIGE CC, 1976, J INST MATH APPL, V18, P341;SAAD Y, 1993, SIAM J SCI COMPUT, V14, P461;SIMONCINI V, 2002, FLEXIBLE INNER OUTER;SIMONCINI V, 2003, SIAM J SCI COMPUT, V25, P454;SLEIJPEN GLG, 1994, NUMER ALGORITHMS, V7, P75;SLEIJPEN GLG, 2000, SIAM J MATRIX ANAL A, V22, P726;STEWART GW, 1990, MATRIX PERTURBATION;VANDENESHOF J, 2002, COMPUT PHYS COMMUN, V146, P203;VANDERVORST HA, 1994, NUMERICAL LINEAR ALG, V1, P369;WILKINSON JH, 1965, ALGEBRAIC EIGENVALUE;WOZNIAKOWSKI H, 1977, NUMER MATH, V28, P191},
	Date-Added = {2009-07-17 14:41:27 -0400},
	Date-Modified = {2009-07-30 15:12:06 -0400},
	Document-Type = {Article},
	E-Mail-Address = {eshof@am.uni-duesseldorf.de sleijpen@math.uu.nl},
	Isi = {ISI:000225642900006},
	Isi-Document-Delivery-Number = {878JK},
	Iso-Source-Abbreviation = {SIAM J. Matrix Anal. Appl.},
	Issn = {0895-4798},
	Journal = {SIAM Journal on Matrix Analysis and Applications},
	Keywords = {CONJUGATE-GRADIENT; OUTER ITERATIONS; LANCZOS; ALGORITHM; INNER; TSCHEBYSCHEFF; RECURRENCES; STABILITY; ACCURACY; SOLVERS},
	Language = {English},
	Local-Url = {file://localhost/Users/jlconlin/Documents/Education/Papers/Eshof/Eshof2004Inexact.pdf},
	Number = {1},
	Page-Count = {29},
	Pages = {125--153},
	Publication-Type = {J},
	Publisher = {SIAM PUBLICATIONS},
	Publisher-Address = {3600 UNIV CITY SCIENCE CENTER, PHILADELPHIA, PA 19104-2688 USA},
	Reprint-Address = {van den Eshof, J, Univ Dusseldorf, Dept Math, Univ Str 1, D-40224 Dusseldorf, Germany.},
	Source = {SIAM J MATRIX ANAL APPLICAT},
	Subject-Category = {Mathematics, Applied},
	Times-Cited = {13},
	Title = {Inexact Krylov subspace methods for linear systems},
	Volume = {26},
	Year = {2004},
	Bdsk-File-1 = {YnBsaXN0MDDUAQIDBAUGCQpYJHZlcnNpb25UJHRvcFkkYXJjaGl2ZXJYJG9iamVjdHMSAAGGoNEHCFRyb290gAFfEA9OU0tleWVkQXJjaGl2ZXKoCwwXGBkdJCVVJG51bGzTDQ4PEBEUViRjbGFzc1dOUy5rZXlzWk5TLm9iamVjdHOAB6ISE4ACgAOiFRaABIAGWWFsaWFzRGF0YVxyZWxhdGl2ZVBhdGjSDRobHFdOUy5kYXRhgAVPEQHEAAAAAAHEAAIAAAloYW1yb2xsdXAAAAAAAAAAAAAAAAAAAAAAAADGFiH4SCsAAAAJ8ecURXNob2YyMDA0SW5leGFjdC5wZGYAAAAAAAAAAAAAAAAAAAAAAAAAAAAAAAAAAAAAAAAAAAAAAAAAAAAAAAAAAAnx6MLU91wAAAAAAAAAAAACAAMAAAkgAAAAAAAAAAAAAAAAAAAABUVzaG9mAAAQAAgAAMYWWjgAAAARAAgAAMLVL5wAAAABABgACfHnAAnxsAAJ0qUACLosAAi6FQAAeYgAAgBOaGFtcm9sbHVwOlVzZXJzOmpsY29ubGluOkRvY3VtZW50czpFZHVjYXRpb246UGFwZXJzOkVzaG9mOkVzaG9mMjAwNEluZXhhY3QucGRmAA4AKgAUAEUAcwBoAG8AZgAyADAAMAA0AEkAbgBlAHgAYQBjAHQALgBwAGQAZgAPABQACQBoAGEAbQByAG8AbABsAHUAcAASAERVc2Vycy9qbGNvbmxpbi9Eb2N1bWVudHMvRWR1Y2F0aW9uL1BhcGVycy9Fc2hvZi9Fc2hvZjIwMDRJbmV4YWN0LnBkZgATAAEvAAAVAAIAD///AADSHh8gIVgkY2xhc3Nlc1okY2xhc3NuYW1loyEiI11OU011dGFibGVEYXRhVk5TRGF0YVhOU09iamVjdF8QJy4uLy4uL1BhcGVycy9Fc2hvZi9Fc2hvZjIwMDRJbmV4YWN0LnBkZtIeHyYnoicjXE5TRGljdGlvbmFyeQAIABEAGgAfACkAMgA3ADoAPwBBAFMAXABiAGkAcAB4AIMAhQCIAIoAjACPAJEAkwCdAKoArwC3ALkCgQKGAo8CmgKeAqwCswK8AuYC6wLuAAAAAAAAAgEAAAAAAAAAKAAAAAAAAAAAAAAAAAAAAvs=}}

@article{Sleijpen:2005Resta-0,
	Abstract = {This paper discusses how to control the accuracy of inexact matrix-vector products in restarted GMRES. We will show that the GMRES iterations can be performed with relatively low accuracy. Furthermore, we will study how to compute the residual at restart and propose suitable strategies to control the accuracy of the matrix-vector products in this computation.},
	Address = {BERLIN},
	Author = {Sleijpen, G. L. G. and van den Eshof, J. and van Gijzen, M. B.},
	Author-Address = {Univ Utrecht, Dept Math, NL-3508 TA Utrecht, Netherlands. Univ Dusseldorf, Dept Math, D-40224 Dusseldorf, Germany. CERFACS, F-31057 Toulouse, France.},
	Booktitle = {LECTURE NOTES IN COMPUTER SCIENCE},
	Cited-Reference-Count = {11},
	Cited-References = {BOURAS A, 2000, TRPA0015 CERFACS;BOURAS A, 2000, TRPA0016 CERFACS;BOURAS A, 2000, TRPA0017 CERFACS;BRAMBLE JH, 1997, SIAM J NUMER ANAL, V34, P1072;CARPENTIERI B, 2002, THESIS INPT;CHAITINCHATELIN F, 2001, TRPA0185 CERFACS;FAVATI P, 2000, LINEAR ALGEBRA APPL, V318, P209;SIMONCINI V, 2003, SIAM J SCI COMPUT, V25, P454;VANDENESHOF J, 2002, COMPUT PHYS COMMUN, V146, P203;VANDENESHOF J, 2002, IN PRESS SIAM J MATR;VANDENESHOF J, 2003, 1268 U UTR DEP MATH},
	Date-Added = {2009-07-17 14:41:27 -0400},
	Date-Modified = {2009-07-30 15:11:37 -0400},
	Document-Type = {Article},
	E-Mail-Address = {sleijpen@math.uu.nl eshof@am.uni-duesseldorf.de gijzen@cerfacs.fr},
	Isi = {ISI:000229020800060},
	Isi-Document-Delivery-Number = {BCF32},
	Issn = {0302-9743},
	Journal = {Numerical Analysis and its Applications},
	Language = {English},
	Local-Url = {file://localhost/Users/jlconlin/Documents/Education/Papers/Sleijpen/Sleijpen2005Restart.pdf},
	Page-Count = {9},
	Pages = {494--502},
	Publication-Type = {S},
	Publisher = {SPRINGER-VERLAG BERLIN},
	Publisher-Address = {HEIDELBERGER PLATZ 3, D-14197 BERLIN, GERMANY},
	Reprint-Address = {Sleijpen, GLG, Univ Utrecht, Dept Math, POB 80-010, NL-3508 TA Utrecht, Netherlands.},
	Source = {LECT NOTE COMPUT SCI},
	Subject-Category = {Computer Science, Theory & Methods},
	Times-Cited = {2},
	Title = {Restarted GMRES with inexact matrix-vector products},
	Volume = {3401},
	Year = {2005},
	Bdsk-File-1 = {YnBsaXN0MDDUAQIDBAUGCQpYJHZlcnNpb25UJHRvcFkkYXJjaGl2ZXJYJG9iamVjdHMSAAGGoNEHCFRyb290gAFfEA9OU0tleWVkQXJjaGl2ZXKoCwwXGBkdJCVVJG51bGzTDQ4PEBEUViRjbGFzc1dOUy5rZXlzWk5TLm9iamVjdHOAB6ISE4ACgAOiFRaABIAGWWFsaWFzRGF0YVxyZWxhdGl2ZVBhdGjSDRobHFdOUy5kYXRhgAVPEQHYAAAAAAHYAAIAAAloYW1yb2xsdXAAAAAAAAAAAAAAAAAAAAAAAADGFiH4SCsAAAAJ8mkXU2xlaWpwZW4yMDA1UmVzdGFydC5wZGYAAAAAAAAAAAAAAAAAAAAAAAAAAAAAAAAAAAAAAAAAAAAAAAAAAAAAAAnyasLWAxMAAAAAAAAAAAACAAMAAAkgAAAAAAAAAAAAAAAAAAAACFNsZWlqcGVuABAACAAAxhZaOAAAABEACAAAwtY7UwAAAAEAGAAJ8mkACfGwAAnSpQAIuiwACLoVAAB5iAACAFRoYW1yb2xsdXA6VXNlcnM6amxjb25saW46RG9jdW1lbnRzOkVkdWNhdGlvbjpQYXBlcnM6U2xlaWpwZW46U2xlaWpwZW4yMDA1UmVzdGFydC5wZGYADgAwABcAUwBsAGUAaQBqAHAAZQBuADIAMAAwADUAUgBlAHMAdABhAHIAdAAuAHAAZABmAA8AFAAJAGgAYQBtAHIAbwBsAGwAdQBwABIASlVzZXJzL2psY29ubGluL0RvY3VtZW50cy9FZHVjYXRpb24vUGFwZXJzL1NsZWlqcGVuL1NsZWlqcGVuMjAwNVJlc3RhcnQucGRmABMAAS8AABUAAgAP//8AANIeHyAhWCRjbGFzc2VzWiRjbGFzc25hbWWjISIjXU5TTXV0YWJsZURhdGFWTlNEYXRhWE5TT2JqZWN0XxAtLi4vLi4vUGFwZXJzL1NsZWlqcGVuL1NsZWlqcGVuMjAwNVJlc3RhcnQucGRm0h4fJieiJyNcTlNEaWN0aW9uYXJ5AAgAEQAaAB8AKQAyADcAOgA/AEEAUwBcAGIAaQBwAHgAgwCFAIgAigCMAI8AkQCTAJ0AqgCvALcAuQKVApoCowKuArICwALHAtADAAMFAwgAAAAAAAACAQAAAAAAAAAoAAAAAAAAAAAAAAAAAAADFQ==}}

@article{Mendelson:1968Monte-0,
	Author = {M. R. Mendelson},
	Date-Added = {2009-07-14 15:49:53 -0400},
	Date-Modified = {2009-07-14 15:50:29 -0400},
	Journal = {Nuclear Science and Engineering},
	Pages = {319-331},
	Title = {Monte Carlo Criticality Calculations for Thermal Reactors},
	Volume = {32},
	Year = {1968}}

@article{Lieberoth:1968A-Mon-0,
	Author = {J. Lieberoth},
	Date-Added = {2009-07-14 15:49:00 -0400},
	Date-Modified = {2009-07-14 15:49:47 -0400},
	Journal = {Nukleonik},
	Pages = {213},
	Title = {A Monte Carlo Technique to Solve the Static Eigenvalue Problem of the Boltzmann Transport Equation},
	Volume = {11},
	Year = {1968}}

@article{Goad:1959A-Mon-0,
	Author = {W. Goad and R. Johnston},
	Date-Added = {2009-07-14 15:48:00 -0400},
	Date-Modified = {2009-07-14 15:48:48 -0400},
	Journal = {Nuclear Science and Engineering},
	Pages = {371-375},
	Title = {A Monte Carlo Method for Criticality Problems},
	Volume = {5},
	Year = {1959}}

@techreport{Kaplan:1958Monte-0,
	Author = {E. L. Kaplan},
	Date-Added = {2009-07-14 15:46:53 -0400},
	Date-Modified = {2009-07-14 15:47:45 -0400},
	Institution = {Livermore National Laboratory},
	Number = {UCRL-5275-T},
	Title = {Monte Carlo Methods for Equilibrium Solutions in Neutron Multiplication},
	Year = {1958}}

@inproceedings{Ueki:2003Infor-0,
	Author = {Taro Ueki and Forrest B. Brown},
	Booktitle = {American Nuclear Society 2003 Winter Meeting},
	Date-Added = {2009-07-08 09:54:42 -0400},
	Date-Modified = {2009-07-08 09:54:42 -0400},
	Month = {November 16-20},
	Organization = {American Nuclear Society},
	Publisher = {American Nuclear Society},
	Title = {Informatics Approach to Stationarity Diagnostics of the Monte Carlo Fission Source Distribution},
	Year = {2003},
	Bdsk-File-1 = {YnBsaXN0MDDUAQIDBAUGCQpYJHZlcnNpb25UJHRvcFkkYXJjaGl2ZXJYJG9iamVjdHMSAAGGoNEHCFRyb290gAFfEA9OU0tleWVkQXJjaGl2ZXKoCwwXGBkdJCVVJG51bGzTDQ4PEBEUViRjbGFzc1dOUy5rZXlzWk5TLm9iamVjdHOAB6ISE4ACgAOiFRaABIAGWWFsaWFzRGF0YVxyZWxhdGl2ZVBhdGjSDRobHFdOUy5kYXRhgAVPEQG8AAAAAAG8AAIAAAloYW1yb2xsdXAAAAAAAAAAAAAAAAAAAAAAAADGFiH4SCsAAAA6QeITVWVraTIwMDNJbmZvci0wLnBkZgAAAAAAAAAAAAAAAAAAAAAAAAAAAAAAAAAAAAAAAAAAAAAAAAAAAAAAAAAAABV7DMWvIdAAAAAAAAAAAAACAAMAAAkgAAAAAAAAAAAAAAAAAAAABFVla2kAEAAIAADGFlo4AAAAEQAIAADFr2ggAAAAAQAYADpB4gAJ8bAACdKlAAi6LAAIuhUAAHmIAAIATGhhbXJvbGx1cDpVc2VyczpqbGNvbmxpbjpEb2N1bWVudHM6RWR1Y2F0aW9uOlBhcGVyczpVZWtpOlVla2kyMDAzSW5mb3ItMC5wZGYADgAoABMAVQBlAGsAaQAyADAAMAAzAEkAbgBmAG8AcgAtADAALgBwAGQAZgAPABQACQBoAGEAbQByAG8AbABsAHUAcAASAEJVc2Vycy9qbGNvbmxpbi9Eb2N1bWVudHMvRWR1Y2F0aW9uL1BhcGVycy9VZWtpL1Vla2kyMDAzSW5mb3ItMC5wZGYAEwABLwAAFQACAA///wAA0h4fICFYJGNsYXNzZXNaJGNsYXNzbmFtZaMhIiNdTlNNdXRhYmxlRGF0YVZOU0RhdGFYTlNPYmplY3RfECUuLi8uLi9QYXBlcnMvVWVraS9VZWtpMjAwM0luZm9yLTAucGRm0h4fJieiJyNcTlNEaWN0aW9uYXJ5AAgAEQAaAB8AKQAyADcAOgA/AEEAUwBcAGIAaQBwAHgAgwCFAIgAigCMAI8AkQCTAJ0AqgCvALcAuQJ5An4ChwKSApYCpAKrArQC3ALhAuQAAAAAAAACAQAAAAAAAAAoAAAAAAAAAAAAAAAAAAAC8Q==}}

@inproceedings{Kiedrowski:1009An-In-0,
	Address = {Saratoga Springs, NY},
	Author = {Brian C. Kiedrowski and Forrest B. Brown},
	Booktitle = {International Conference on Mathematics, Computational Methods \& Reactor Physics (M\&C 2009)},
	Date-Added = {2009-07-08 09:29:19 -0400},
	Date-Modified = {2009-07-10 10:40:15 -0400},
	Month = {May 3--7},
	Organization = {American Nuclear Society},
	Title = {An Information Theory Based Analysis of Fission Source Correlation in Monte Carlo k-Eigenvalue Calculations},
	Year = {2009},
	Bdsk-File-1 = {YnBsaXN0MDDUAQIDBAUGCQpYJHZlcnNpb25UJHRvcFkkYXJjaGl2ZXJYJG9iamVjdHMSAAGGoNEHCFRyb290gAFfEA9OU0tleWVkQXJjaGl2ZXKoCwwXGBkdJCVVJG51bGzTDQ4PEBEUViRjbGFzc1dOUy5rZXlzWk5TLm9iamVjdHOAB6ISE4ACgAOiFRaABIAGWWFsaWFzRGF0YVxyZWxhdGl2ZVBhdGjSDRobHFdOUy5kYXRhgAVPEQHmAAAAAAHmAAIAAAloYW1yb2xsdXAAAAAAAAAAAAAAAAAAAAAAAADGFiH4SCsAAAHopQ8ZS2llZHJvd3NraTEwMDlBbiBJbi0wLnBkZgAAAAAAAAAAAAAAAAAAAAAAAAAAAAAAAAAAAAAAAAAAAAAAAAAAAeilDcZ6F2IAAAAAAAAAAAACAAMAAAkgAAAAAAAAAAAAAAAAAAAACktpZWRyb3dza2kAEAAIAADGFlo4AAAAEQAIAADGek+iAAAAAQAYAeilDwAJ8bAACdKlAAi6LAAIuhUAAHmIAAIAWGhhbXJvbGx1cDpVc2VyczpqbGNvbmxpbjpEb2N1bWVudHM6RWR1Y2F0aW9uOlBhcGVyczpLaWVkcm93c2tpOktpZWRyb3dza2kxMDA5QW4gSW4tMC5wZGYADgA0ABkASwBpAGUAZAByAG8AdwBzAGsAaQAxADAAMAA5AEEAbgAgAEkAbgAtADAALgBwAGQAZgAPABQACQBoAGEAbQByAG8AbABsAHUAcAASAE5Vc2Vycy9qbGNvbmxpbi9Eb2N1bWVudHMvRWR1Y2F0aW9uL1BhcGVycy9LaWVkcm93c2tpL0tpZWRyb3dza2kxMDA5QW4gSW4tMC5wZGYAEwABLwAAFQACAA///wAA0h4fICFYJGNsYXNzZXNaJGNsYXNzbmFtZaMhIiNdTlNNdXRhYmxlRGF0YVZOU0RhdGFYTlNPYmplY3RfEDEuLi8uLi9QYXBlcnMvS2llZHJvd3NraS9LaWVkcm93c2tpMTAwOUFuIEluLTAucGRm0h4fJieiJyNcTlNEaWN0aW9uYXJ5AAgAEQAaAB8AKQAyADcAOgA/AEEAUwBcAGIAaQBwAHgAgwCFAIgAigCMAI8AkQCTAJ0AqgCvALcAuQKjAqgCsQK8AsACzgLVAt4DEgMXAxoAAAAAAAACAQAAAAAAAAAoAAAAAAAAAAAAAAAAAAADJw==}}

@inproceedings{Kornreich:2002Semi--0,
	Author = {D. E. Kornreich and D. K. Parsons},
	Booktitle = {Trans. Am. Nucl. Soc.},
	Date-Added = {2009-07-07 12:27:35 -0400},
	Date-Modified = {2009-07-07 12:27:35 -0400},
	Pages = {152-154},
	Title = {Semi-Analytic Results and Insights into Difficult Source Convergence Problems},
	Volume = {87},
	Year = {2002},
	Bdsk-File-1 = {YnBsaXN0MDDUAQIDBAUGCQpYJHZlcnNpb25UJHRvcFkkYXJjaGl2ZXJYJG9iamVjdHMSAAGGoNEHCFRyb290gAFfEA9OU0tleWVkQXJjaGl2ZXKoCwwXGBkdJCVVJG51bGzTDQ4PEBEUViRjbGFzc1dOUy5rZXlzWk5TLm9iamVjdHOAB6ISE4ACgAOiFRaABIAGWWFsaWFzRGF0YVxyZWxhdGl2ZVBhdGjSDRobHFdOUy5kYXRhgAVPEQHgAAAAAAHgAAIAAAloYW1yb2xsdXAAAAAAAAAAAAAAAAAAAAAAAADGFiH4SCsAAAHgUvEYS29ybnJlaWNoMjAwMlNlbWktLTAuUERGAAAAAAAAAAAAAAAAAAAAAAAAAAAAAAAAAAAAAAAAAAAAAAAAAAAAAeAd8sZ46UwAAAAAAAAAAAACAAMAAAkgAAAAAAAAAAAAAAAAAAAACUtvcm5yZWljaAAAEAAIAADGFlo4AAAAEQAIAADGeSGMAAAAAQAYAeBS8QAJ8bAACdKlAAi6LAAIuhUAAHmIAAIAVmhhbXJvbGx1cDpVc2VyczpqbGNvbmxpbjpEb2N1bWVudHM6RWR1Y2F0aW9uOlBhcGVyczpLb3JucmVpY2g6S29ybnJlaWNoMjAwMlNlbWktLTAuUERGAA4AMgAYAEsAbwByAG4AcgBlAGkAYwBoADIAMAAwADIAUwBlAG0AaQAtAC0AMAAuAFAARABGAA8AFAAJAGgAYQBtAHIAbwBsAGwAdQBwABIATFVzZXJzL2psY29ubGluL0RvY3VtZW50cy9FZHVjYXRpb24vUGFwZXJzL0tvcm5yZWljaC9Lb3JucmVpY2gyMDAyU2VtaS0tMC5QREYAEwABLwAAFQACAA///wAA0h4fICFYJGNsYXNzZXNaJGNsYXNzbmFtZaMhIiNdTlNNdXRhYmxlRGF0YVZOU0RhdGFYTlNPYmplY3RfEC8uLi8uLi9QYXBlcnMvS29ybnJlaWNoL0tvcm5yZWljaDIwMDJTZW1pLS0wLlBERtIeHyYnoicjXE5TRGljdGlvbmFyeQAIABEAGgAfACkAMgA3ADoAPwBBAFMAXABiAGkAcAB4AIMAhQCIAIoAjACPAJEAkwCdAKoArwC3ALkCnQKiAqsCtgK6AsgCzwLYAwoDDwMSAAAAAAAAAgEAAAAAAAAAKAAAAAAAAAAAAAAAAAAAAx8=}}

@article{Ueki:2005Stati-0,
	Abstract = {In Monte Carlo criticality calculations, source error propagation through the stationary (active) cycles and source convergence in the settling (inactive) cycles are both dominated by the dominance ratio (DR) of fission kernels. For symmetric two-fissile-component systems with the DR close to unity, the extinction of fission source sites can occur in one of the components even when the initial source is symmetric and the number of histories per cycle is more than 1000. When such a system is made slightly asymmetric, the neutron effective multiplication factor at the inactive cycles does not reflect the convergence to stationary source distribution. To overcome this problem, relative entropy has been applied to a slightly asymmetric two-fissile-component problem with a DR of 0.993. The numerical results are mostly satisfactory but also show the possibility of the occasional occurrence of unnecessarily strict stationarity diagnostics. Therefore, a criterion is defined based on the concept of data compression limit in information theory. Numerical results for a pressurized water reactor fuel storage facility with a DR of 0.994 strongly support the efficacy of relative entropy in both the posterior and progressive stationarity diagnostics.},
	Author = {Taro Ueki and Forrest B. Brown},
	Date-Added = {2009-07-07 10:28:38 -0400},
	Date-Modified = {2009-07-07 10:28:38 -0400},
	Journal = {Nuclear Science and Engineering},
	Month = {January},
	Number = {1},
	Pages = {38-50},
	Title = {Stationarity Modeling and Informatics-Based Diagnostics in Monte Carlo Criticality Calculation},
	Volume = {149},
	Year = {2005},
	Bdsk-File-1 = {YnBsaXN0MDDUAQIDBAUGCQpYJHZlcnNpb25UJHRvcFkkYXJjaGl2ZXJYJG9iamVjdHMSAAGGoNEHCFRyb290gAFfEA9OU0tleWVkQXJjaGl2ZXKoCwwXGBkdJCVVJG51bGzTDQ4PEBEUViRjbGFzc1dOUy5rZXlzWk5TLm9iamVjdHOAB6ISE4ACgAOiFRaABIAGWWFsaWFzRGF0YVxyZWxhdGl2ZVBhdGjSDRobHFdOUy5kYXRhgAVPEQG8AAAAAAG8AAIAAAloYW1yb2xsdXAAAAAAAAAAAAAAAAAAAAAAAADGFiH4SCsAAAA6QeITVWVraTIwMDVTdGF0aS0wLnBkZgAAAAAAAAAAAAAAAAAAAAAAAAAAAAAAAAAAAAAAAAAAAAAAAAAAAAAAAAAAAd+ES73SFzcAAAAAAAAAAAACAAMAAAkgAAAAAAAAAAAAAAAAAAAABFVla2kAEAAIAADGFlo4AAAAEQAIAAC90l2HAAAAAQAYADpB4gAJ8bAACdKlAAi6LAAIuhUAAHmIAAIATGhhbXJvbGx1cDpVc2VyczpqbGNvbmxpbjpEb2N1bWVudHM6RWR1Y2F0aW9uOlBhcGVyczpVZWtpOlVla2kyMDA1U3RhdGktMC5wZGYADgAoABMAVQBlAGsAaQAyADAAMAA1AFMAdABhAHQAaQAtADAALgBwAGQAZgAPABQACQBoAGEAbQByAG8AbABsAHUAcAASAEJVc2Vycy9qbGNvbmxpbi9Eb2N1bWVudHMvRWR1Y2F0aW9uL1BhcGVycy9VZWtpL1Vla2kyMDA1U3RhdGktMC5wZGYAEwABLwAAFQACAA///wAA0h4fICFYJGNsYXNzZXNaJGNsYXNzbmFtZaMhIiNdTlNNdXRhYmxlRGF0YVZOU0RhdGFYTlNPYmplY3RfECUuLi8uLi9QYXBlcnMvVWVraS9VZWtpMjAwNVN0YXRpLTAucGRm0h4fJieiJyNcTlNEaWN0aW9uYXJ5AAgAEQAaAB8AKQAyADcAOgA/AEEAUwBcAGIAaQBwAHgAgwCFAIgAigCMAI8AkQCTAJ0AqgCvALcAuQJ5An4ChwKSApYCpAKrArQC3ALhAuQAAAAAAAACAQAAAAAAAAAoAAAAAAAAAAAAAAAAAAAC8Q==}}

@article{Bouras:2005Inexa-0,
	Abstract = {Embedded iterative linear solvers are being used more and more often in linear algebra. An important issue is how to tune the level of accuracy of the inner solver to guarantee the convergence of the outer solver at the best global cost. As a first step towards the challenging goal of controlling embedded linear solvers, inexact Krylov methods are used as a model of inner-outer iterations with external Krylov scheme. This paper experimentally shows that Krylov methods for solving linear systems can still perform very well in the presence of carefully monitored inexact matrix-vector products. This surprising behavior of inexact Krylov methods, as opposed to Newton-like methods, is investigated in detail, and potentially important applications are mentioned. A new relaxation strategy for the inner accuracy is proposed for Krylov methods with inexact matrix-vector products; its efficiency is supported by a wide range of numerical experiments on different algorithms and contrasted against other potential approaches.},
	Address = {PHILADELPHIA},
	Author = {Bouras, A. and Frayss{\'e}, V.},
	Author-Address = {Univ Toulouse 1, F-31057 Toulouse, France. CERFACS, F-31057 Toulouse, France. Kvasar Technol LLC, Boston, MA 02115 USA.},
	Author-Keywords = {inner-outer iterations; Krylov method; inexact matrix; vector products; embedded iterative linear solvers},
	Cited-Reference-Count = {21},
	Cited-References = {2000, IND DAYS CERFACS INN;BOURAS A, 2000, TRPA0015 CERFACS;BOURAS A, 2000, TRPA0016 CERFACS;BOURAS A, 2000, TRPA0017 CERFACS;DEMBO RS, 1982, SIAM J NUMER ANAL, V19, P400;DUFF IS, 1992, TRPA9286 CERFACS;EISENSTAT SC, 1994, SIAM J OPTIMIZ, V4, P393;GILADI E, 1998, SIAM J NUMER ANAL, V35, P300;GIRAUD L, 1999, COMMUNICATION;GIRAUD L, 2004, TRPA0441 CERFACS;GOLUB GH, 1988, NUMER MATH, V53, P571;GOLUB GH, 1999, SIAM J SCI COMPUT, V21, P1305;GOLUB GH, 2000, LINEAR ALGEBRA APPL, V309, P289;GREENBAUM A, 1997, FRONTIERS APPL MATH, V17;MERNKONGA K, 2002, P EUR S NUM METH EL, P121;SAAD Y, 1986, SIAM J SCI STAT COMP, V7, P856;SAAD Y, 1996, ITERATIVE METHODS SP;SIMONCINI V, 2003, SIAM J SCI COMPUT, V25, P454;SMIT P, 1999, LINEAR ALGEBRA APPL, V287, P337;VANDENESHOF J, 2004, SIAM J MATRIX ANAL A, V26, P125;WARSA JS, 2004, NUMER LINEAR ALGEBR, V11, P795},
	Date-Added = {2009-06-18 14:53:02 -0400},
	Date-Modified = {2009-07-30 15:10:03 -0400},
	Document-Type = {Article},
	Isi = {ISI:000229056500004},
	Isi-Document-Delivery-Number = {925MF},
	Iso-Source-Abbreviation = {SIAM J. Matrix Anal. Appl.},
	Issn = {0895-4798},
	Journal = {SIAM Journal on Matrix Analysis and Applications},
	Keywords = {SYMMETRIC EIGENVALUE PROBLEMS; OUTER ITERATIONS; SUBSPACE METHODS; NEWTON METHODS; ALGORITHM; INNER},
	Language = {English},
	Local-Url = {file://localhost/Users/jlconlin/Documents/Education/Papers/Bouras/Bouras2005Inexact.pdf},
	Number = {3},
	Page-Count = {19},
	Pages = {660--678},
	Publication-Type = {J},
	Publisher = {SIAM PUBLICATIONS},
	Publisher-Address = {3600 UNIV CITY SCIENCE CENTER, PHILADELPHIA, PA 19104-2688 USA},
	Reprint-Address = {Bouras, A, Univ Toulouse 1, 42 Av Gaspard Coriolis, F-31057 Toulouse, France.},
	Source = {SIAM J MATRIX ANAL APPLICAT},
	Subject-Category = {Mathematics, Applied},
	Times-Cited = {6},
	Title = {Inexact matrix-vector products in Krylov methods for solving linear systems: A relaxation strategy},
	Volume = {26},
	Year = {2005},
	Bdsk-File-1 = {YnBsaXN0MDDUAQIDBAUGCQpYJHZlcnNpb25UJHRvcFkkYXJjaGl2ZXJYJG9iamVjdHMSAAGGoNEHCFRyb290gAFfEA9OU0tleWVkQXJjaGl2ZXKoCwwXGBkdJCVVJG51bGzTDQ4PEBEUViRjbGFzc1dOUy5rZXlzWk5TLm9iamVjdHOAB6ISE4ACgAOiFRaABIAGWWFsaWFzRGF0YVxyZWxhdGl2ZVBhdGjSDRobHFdOUy5kYXRhgAVPEQHKAAAAAAHKAAIAAAloYW1yb2xsdXAAAAAAAAAAAAAAAAAAAAAAAADGFiH4SCsAAAAJ8cgVQm91cmFzMjAwNUluZXhhY3QucGRmAAAAAAAAAAAAAAAAAAAAAAAAAAAAAAAAAAAAAAAAAAAAAAAAAAAAAAAAAAnxzcLU6FQAAAAAAAAAAAACAAMAAAkgAAAAAAAAAAAAAAAAAAAABkJvdXJhcwAQAAgAAMYWWjgAAAARAAgAAMLVIJQAAAABABgACfHIAAnxsAAJ0qUACLosAAi6FQAAeYgAAgBQaGFtcm9sbHVwOlVzZXJzOmpsY29ubGluOkRvY3VtZW50czpFZHVjYXRpb246UGFwZXJzOkJvdXJhczpCb3VyYXMyMDA1SW5leGFjdC5wZGYADgAsABUAQgBvAHUAcgBhAHMAMgAwADAANQBJAG4AZQB4AGEAYwB0AC4AcABkAGYADwAUAAkAaABhAG0AcgBvAGwAbAB1AHAAEgBGVXNlcnMvamxjb25saW4vRG9jdW1lbnRzL0VkdWNhdGlvbi9QYXBlcnMvQm91cmFzL0JvdXJhczIwMDVJbmV4YWN0LnBkZgATAAEvAAAVAAIAD///AADSHh8gIVgkY2xhc3Nlc1okY2xhc3NuYW1loyEiI11OU011dGFibGVEYXRhVk5TRGF0YVhOU09iamVjdF8QKS4uLy4uL1BhcGVycy9Cb3VyYXMvQm91cmFzMjAwNUluZXhhY3QucGRm0h4fJieiJyNcTlNEaWN0aW9uYXJ5AAgAEQAaAB8AKQAyADcAOgA/AEEAUwBcAGIAaQBwAHgAgwCFAIgAigCMAI8AkQCTAJ0AqgCvALcAuQKHAowClQKgAqQCsgK5AsIC7gLzAvYAAAAAAAACAQAAAAAAAAAoAAAAAAAAAAAAAAAAAAADAw==}}

@article{Simoncini:2005Varia-0,
	Abstract = {We analyze the behavior of projection-type schemes, such as the Arnoldi and Lanczos methods, for the approximation of a few eigenvalues and eigenvectors of a matrix A, when A cannot be applied exactly but only with a possibly large perturbation. This occurs, for instance, in shift-and-invert procedures or when dealing with large generalized eigenvalue problems. We theoretically show that the accuracy with which A is applied at each iteration can be relaxed, as convergence to specific eigenpairs takes place. We show that the size of the perturbation is allowed to be inversely proportional to the current residual norm, in a way that also depends on the sensitivity of the matrix A. This result provides a complete understanding of reported experimental evidence in the recent literature. Moreover, we adapt our theoretical results to devise a practical relaxation criterion to achieve convergence of the inexact procedure. Numerical experiments validate our analysis.},
	Address = {PHILADELPHIA},
	Author = {Simoncini, V.},
	Author-Address = {Univ Bologna, Dipartimento Matemat, I-40127 Bologna, Italy. CNR, IMATI, I-27100 Pavia, Italy. CIRSA, Ravenna, Italy.},
	Author-Keywords = {eigenvalues; projection methods; Krylov subspaces; inexact methods; Ritz values},
	Cited-Reference-Count = {31},
	Cited-References = {*MATH WORKS INC, 2001, MATLAB US GUID;*MATR MARK, VIS REP TEST DAT US;BAI Z, 2000, SOFTWARE ENV TOOLS, V11;BAI ZJ, 1999, SIAM J MATRIX ANAL A, V20, P1060;BEATTIE C, 2004, SIAM J MATRIX ANAL A, V25, P1074;BOURAS A, 2000, 16 CERFACS;BOURAS A, 2000, 17 CERFACS;BOURAS A, 2005, SIAM J MATRIX ANAL A, V26, P660;GOLUB GH, 2000, BIT, V40, P671;KAHAN W, 1982, SIAM J NUM, V19, P470;LAI YL, 1997, NUMER LINEAR ALGEBR, V4, P425;LEHOUCQ RB, 1998, ARPACK USERS GUIDE S;MORGAN RB, 1991, LINEAR ALGEBRA APPL, V154, P289;MORGAN RB, 1998, NUMER LINEAR ALGEBR, V5, P33;NOTAY Y, 2002, NUMER LINEAR ALGEBR, V9, P21;PAIGE CC, 1995, NUMER LINEAR ALGEBR, V2, P115;PARLETT BN, 1998, CLASSICS APPL MATH, V20;SAAD Y, 1992, NUMERICAL METHODS LA;SIMONCINI V, 1998, NUMER MATH, V81, P125;SIMONCINI V, 2002, BIT, V42, P159;SIMONCINI V, 2003, SIAM J SCI COMPUT, V25, P454;SIMONCINI V, 2005, SIAM REV, V47, P247;SLEIJPEN GLG, 2003, 1293 UTR U DEP MATH;SLEIJPEN GLG, 2003, LINEAR ALGEBRA APPL, V358, P115;SLEIJPEN GLG, 2005, LECT NOTES COMPUT SC, V3401, P494;SMIT P, 1999, LINEAR ALGEBRA APPL, V287, P337;SORENSEN DC, 1992, SIAM J MATRIX ANAL A, V13, P357;STEWART GW, 1990, MATRIX PERTURBATION;STEWART GW, 2003, NUMER MATH, V26, P363;VANDENESHOF J, 2004, COMMUNICATION;VANDENESHOF J, 2004, SIAM J MATRIX ANAL A, V26, P125},
	Date-Added = {2009-06-18 14:53:02 -0400},
	Date-Modified = {2009-07-30 15:10:54 -0400},
	Document-Type = {Article},
	E-Mail-Address = {valeria@dm.unibo.it},
	Isi = {ISI:000233238800013},
	Isi-Document-Delivery-Number = {983NI},
	Iso-Source-Abbreviation = {SIAM J. Numer. Anal.},
	Issn = {0036-1429},
	Journal = {SIAM Journal on Numerical Analysis},
	Keywords = {KRYLOV SUBSPACE METHODS; INEXACT INVERSE ITERATION; EIGENVALUE PROBLEMS; LINEAR-SYSTEMS; ARNOLDI; BOUNDS},
	Language = {English},
	Local-Url = {file://localhost/Users/jlconlin/Documents/Education/Papers/Simoncini/Simoncini2005Variabl.pdf},
	Number = {3},
	Page-Count = {20},
	Pages = {1155--1174},
	Publication-Type = {J},
	Publisher = {SIAM PUBLICATIONS},
	Publisher-Address = {3600 UNIV CITY SCIENCE CENTER, PHILADELPHIA, PA 19104-2688 USA},
	Reprint-Address = {Simoncini, V, Univ Bologna, Dipartimento Matemat, Piazza Porta S Donato 5, I-40127 Bologna, Italy.},
	Source = {SIAM J NUMER ANAL},
	Subject-Category = {Mathematics, Applied},
	Times-Cited = {1},
	Title = {Variable accuracy of matrix-vector products in projection methods for eigencomputation},
	Volume = {43},
	Year = {2005},
	Bdsk-File-1 = {YnBsaXN0MDDUAQIDBAUGCQpYJHZlcnNpb25UJHRvcFkkYXJjaGl2ZXJYJG9iamVjdHMSAAGGoNEHCFRyb290gAFfEA9OU0tleWVkQXJjaGl2ZXKoCwwXGBkdJCVVJG51bGzTDQ4PEBEUViRjbGFzc1dOUy5rZXlzWk5TLm9iamVjdHOAB6ISE4ACgAOiFRaABIAGWWFsaWFzRGF0YVxyZWxhdGl2ZVBhdGjSDRobHFdOUy5kYXRhgAVPEQHgAAAAAAHgAAIAAAloYW1yb2xsdXAAAAAAAAAAAAAAAAAAAAAAAADGFiH4SCsAAAAJ8mMYU2ltb25jaW5pMjAwNVZhcmlhYmwucGRmAAAAAAAAAAAAAAAAAAAAAAAAAAAAAAAAAAAAAAAAAAAAAAAAAAAAAAnyZ8LWA+YAAAAAAAAAAAACAAMAAAkgAAAAAAAAAAAAAAAAAAAACVNpbW9uY2luaQAAEAAIAADGFlo4AAAAEQAIAADC1jwmAAAAAQAYAAnyYwAJ8bAACdKlAAi6LAAIuhUAAHmIAAIAVmhhbXJvbGx1cDpVc2VyczpqbGNvbmxpbjpEb2N1bWVudHM6RWR1Y2F0aW9uOlBhcGVyczpTaW1vbmNpbmk6U2ltb25jaW5pMjAwNVZhcmlhYmwucGRmAA4AMgAYAFMAaQBtAG8AbgBjAGkAbgBpADIAMAAwADUAVgBhAHIAaQBhAGIAbAAuAHAAZABmAA8AFAAJAGgAYQBtAHIAbwBsAGwAdQBwABIATFVzZXJzL2psY29ubGluL0RvY3VtZW50cy9FZHVjYXRpb24vUGFwZXJzL1NpbW9uY2luaS9TaW1vbmNpbmkyMDA1VmFyaWFibC5wZGYAEwABLwAAFQACAA///wAA0h4fICFYJGNsYXNzZXNaJGNsYXNzbmFtZaMhIiNdTlNNdXRhYmxlRGF0YVZOU0RhdGFYTlNPYmplY3RfEC8uLi8uLi9QYXBlcnMvU2ltb25jaW5pL1NpbW9uY2luaTIwMDVWYXJpYWJsLnBkZtIeHyYnoicjXE5TRGljdGlvbmFyeQAIABEAGgAfACkAMgA3ADoAPwBBAFMAXABiAGkAcAB4AIMAhQCIAIoAjACPAJEAkwCdAKoArwC3ALkCnQKiAqsCtgK6AsgCzwLYAwoDDwMSAAAAAAAAAgEAAAAAAAAAKAAAAAAAAAAAAAAAAAAAAx8=}}

@phdthesis{Griesheimer:2005Funct-0,
	Author = {David Patrick Griesheimer},
	Date-Added = {2009-06-03 15:58:26 -0400},
	Date-Modified = {2009-06-03 15:58:26 -0400},
	Local-Url = {file://localhost/Users/jlconlin/Documents/Education/Papers/Griesheimer/Griesheimer2005Functio.pdf},
	School = {University of Michigan},
	Title = {Functional Expansion Tallies for Monte Carlo Simulations},
	Year = {2005},
	Bdsk-File-1 = {YnBsaXN0MDDUAQIDBAUGCQpYJHZlcnNpb25UJHRvcFkkYXJjaGl2ZXJYJG9iamVjdHMSAAGGoNEHCFRyb290gAFfEA9OU0tleWVkQXJjaGl2ZXKoCwwXGBkdJCVVJG51bGzTDQ4PEBEUViRjbGFzc1dOUy5rZXlzWk5TLm9iamVjdHOAB6ISE4ACgAOiFRaABIAGWWFsaWFzRGF0YVxyZWxhdGl2ZVBhdGjSDRobHFdOUy5kYXRhgAVPEQHuAAAAAAHuAAIAAAloYW1yb2xsdXAAAAAAAAAAAAAAAAAAAAAAAADGFiH4SCsAAAAJ8f4aR3JpZXNoZWltZXIyMDA1RnVuY3Rpby5wZGYAAAAAAAAAAAAAAAAAAAAAAAAAAAAAAAAAAAAAAAAAAAAAAAAAAAnyAMHc0L4AAAAAAAAAAAACAAMAAAkgAAAAAAAAAAAAAAAAAAAAC0dyaWVzaGVpbWVyAAAQAAgAAMYWWjgAAAARAAgAAMHdFw4AAAABABgACfH+AAnxsAAJ0qUACLosAAi6FQAAeYgAAgBaaGFtcm9sbHVwOlVzZXJzOmpsY29ubGluOkRvY3VtZW50czpFZHVjYXRpb246UGFwZXJzOkdyaWVzaGVpbWVyOkdyaWVzaGVpbWVyMjAwNUZ1bmN0aW8ucGRmAA4ANgAaAEcAcgBpAGUAcwBoAGUAaQBtAGUAcgAyADAAMAA1AEYAdQBuAGMAdABpAG8ALgBwAGQAZgAPABQACQBoAGEAbQByAG8AbABsAHUAcAASAFBVc2Vycy9qbGNvbmxpbi9Eb2N1bWVudHMvRWR1Y2F0aW9uL1BhcGVycy9Hcmllc2hlaW1lci9Hcmllc2hlaW1lcjIwMDVGdW5jdGlvLnBkZgATAAEvAAAVAAIAD///AADSHh8gIVgkY2xhc3Nlc1okY2xhc3NuYW1loyEiI11OU011dGFibGVEYXRhVk5TRGF0YVhOU09iamVjdF8QMy4uLy4uL1BhcGVycy9Hcmllc2hlaW1lci9Hcmllc2hlaW1lcjIwMDVGdW5jdGlvLnBkZtIeHyYnoicjXE5TRGljdGlvbmFyeQAIABEAGgAfACkAMgA3ADoAPwBBAFMAXABiAGkAcAB4AIMAhQCIAIoAjACPAJEAkwCdAKoArwC3ALkCqwKwArkCxALIAtYC3QLmAxwDIQMkAAAAAAAAAgEAAAAAAAAAKAAAAAAAAAAAAAAAAAAAAzE=}}

@book{Duderstadt:1976Nucle-0,
	Author = {James J. Duderstadt and Louis J. Hamilton},
	Date-Added = {2009-06-01 10:35:08 -0400},
	Date-Modified = {2009-06-01 10:35:08 -0400},
	Publisher = {John Wiley \& Sons},
	Title = {Nuclear Reactor Analysis},
	Year = {1976}}

@article{Garis:1991One-s-0,
	Abstract = {The monoenergetic transport equation with isotropic scattering and vacuum boundary conditions is applied to two-media spherical and plane systems. The mean-free-path is assumed to be the same even though the multiplication factors are different in both media. The two coupled integral equations that are obtained are numerically solved using the spatial Legendre polynomial method (Carlvik's method). Tables of seven or more eigenvalues for various dimensions of the bodies are given, and the first five flux modes for some cases are plotted. In addition, for homogeneous systems, we present more accurate and higher eigenvalues than those thus far known.},
	Author = {N. S. Garis},
	Date-Added = {2009-05-28 10:18:37 -0400},
	Date-Modified = {2009-05-28 10:18:37 -0400},
	Journal = {Nuclear Science and Engineering},
	Keywords = {Finite Reflector, Criticality},
	Language = {English},
	Local-Url = {file://localhost/Users/jlconlin/Documents/Education/Papers/GARIS/GARIS1991ONE-SPEED%20-GARIS1991p2330.pdf},
	Month = {Jan},
	Number = {4},
	Pages = {343--358},
	Pmid = {A1991FD82500004},
	Rating = {0},
	Title = {One-speed Neutron-Transport Eigenvalues for Reflected Slabs and Spheres},
	Uri = {papers://92D2E5BB-E3F3-4D37-B5C7-54C2F5A87E75/Paper/p2330},
	Volume = {107},
	Year = {1991},
	Bdsk-File-1 = {YnBsaXN0MDDUAQIDBAUGCQpYJHZlcnNpb25UJHRvcFkkYXJjaGl2ZXJYJG9iamVjdHMSAAGGoNEHCFRyb290gAFfEA9OU0tleWVkQXJjaGl2ZXKoCwwXGBkdJCVVJG51bGzTDQ4PEBEUViRjbGFzc1dOUy5rZXlzWk5TLm9iamVjdHOAB6ISE4ACgAOiFRaABIAGWWFsaWFzRGF0YVxyZWxhdGl2ZVBhdGjSDRobHFdOUy5kYXRhgAVPEQHEAAAAAAHEAAIAAAloYW1yb2xsdXAAAAAAAAAAAAAAAAAAAAAAAADGFiH4SCsAAABp8zwUR0FSSVMxOTkxT05FLVMtMC5wZGYAAAAAAAAAAAAAAAAAAAAAAAAAAAAAAAAAAAAAAAAAAAAAAAAAAAAAAAAAABV6g8WvU9IAAAAAAAAAAAACAAMAAAkgAAAAAAAAAAAAAAAAAAAABUdBUklTAAAQAAgAAMYWWjgAAAARAAgAAMWvmiIAAAABABgAafM8AAnxsAAJ0qUACLosAAi6FQAAeYgAAgBOaGFtcm9sbHVwOlVzZXJzOmpsY29ubGluOkRvY3VtZW50czpFZHVjYXRpb246UGFwZXJzOkdBUklTOkdBUklTMTk5MU9ORS1TLTAucGRmAA4AKgAUAEcAQQBSAEkAUwAxADkAOQAxAE8ATgBFAC0AUwAtADAALgBwAGQAZgAPABQACQBoAGEAbQByAG8AbABsAHUAcAASAERVc2Vycy9qbGNvbmxpbi9Eb2N1bWVudHMvRWR1Y2F0aW9uL1BhcGVycy9HQVJJUy9HQVJJUzE5OTFPTkUtUy0wLnBkZgATAAEvAAAVAAIAD///AADSHh8gIVgkY2xhc3Nlc1okY2xhc3NuYW1loyEiI11OU011dGFibGVEYXRhVk5TRGF0YVhOU09iamVjdF8QJy4uLy4uL1BhcGVycy9HQVJJUy9HQVJJUzE5OTFPTkUtUy0wLnBkZtIeHyYnoicjXE5TRGljdGlvbmFyeQAIABEAGgAfACkAMgA3ADoAPwBBAFMAXABiAGkAcAB4AIMAhQCIAIoAjACPAJEAkwCdAKoArwC3ALkCgQKGAo8CmgKeAqwCswK8AuYC6wLuAAAAAAAAAgEAAAAAAAAAKAAAAAAAAAAAAAAAAAAAAvs=},
	Bdsk-Url-1 = {http://apps.isiknowledge.com/InboundService.do?product=WOS&action=retrieve&SrcApp=Papers&UT=A1991FD82500004&SID=4C8L%2540oPPfNJCIM4loBK&SrcAuth=mekentosj&mode=FullRecord&customersID=mekentosj&DestFail=http%253A%252F%252Faccess.isiproducts.com%252Fcustom_images%252Fwok_failed_auth.html}}

@article{Modak:1995Evalu-0,
	Abstract = {Many semi-analytical methods are being developed to evaluate higher eigenvalues of monoenergetic neutron transport equation. Here, a numerical approach is presented where the well-known S-n-method is used to generate higher K-eigenvalues of neutron transport equation via the generation of a fission matrix. Although less accurate than the semi-analytical methods, the inclusion of spatial inhomogeneities, scattering anisotropies and even more energy groups would be straightforward in this method owing to the versatility of the S-n-codes. It is also shown that the K-eigenvalues are always real in the mono-energetic case even if scattering is anisotropic. The inadequacy of the S-n-method to reproduce the flux-source reciprocity relation in spherical geometry, noticed during the course of this work, is also briefly discussed.},
	Author = {R. S. Modak and D. C. Sahny and S. D. Paranjape},
	Date-Added = {2009-05-27 15:45:07 -0400},
	Date-Modified = {2009-05-27 15:45:07 -0400},
	Journal = {Annals of Nuclear Energy},
	Language = {English},
	Local-Url = {file://localhost/Users/jlconlin/Documents/Education/Papers/MODAK/MODAK1995EVALUATION-MODAK1995p2299.pdf},
	Month = {Jan},
	Number = {6},
	Pages = {359--366},
	Pmid = {A1995QN46800003},
	Rating = {0},
	Title = {Evaluation of Higher k-Eigenvalues of the Neutron-Transport Equation by the Sn Method},
	Uri = {papers://92D2E5BB-E3F3-4D37-B5C7-54C2F5A87E75/Paper/p2299},
	Volume = {22},
	Year = {1995},
	Bdsk-File-1 = {YnBsaXN0MDDUAQIDBAUGCQpYJHZlcnNpb25UJHRvcFkkYXJjaGl2ZXJYJG9iamVjdHMSAAGGoNEHCFRyb290gAFfEA9OU0tleWVkQXJjaGl2ZXKoCwwXGBkdJCVVJG51bGzTDQ4PEBEUViRjbGFzc1dOUy5rZXlzWk5TLm9iamVjdHOAB6ISE4ACgAOiFRaABIAGWWFsaWFzRGF0YVxyZWxhdGl2ZVBhdGjSDRobHFdOUy5kYXRhgAVPEQHEAAAAAAHEAAIAAAloYW1yb2xsdXAAAAAAAAAAAAAAAAAAAAAAAADGFiH4SCsAAAAJ8i4UTU9EQUsxOTk1RVZBTFUtMC5wZGYAAAAAAAAAAAAAAAAAAAAAAAAAAAAAAAAAAAAAAAAAAAAAAAAAAAAAAAAAABV6t8WvN0oAAAAAAAAAAAACAAMAAAkgAAAAAAAAAAAAAAAAAAAABU1vZGFrAAAQAAgAAMYWWjgAAAARAAgAAMWvfZoAAAABABgACfIuAAnxsAAJ0qUACLosAAi6FQAAeYgAAgBOaGFtcm9sbHVwOlVzZXJzOmpsY29ubGluOkRvY3VtZW50czpFZHVjYXRpb246UGFwZXJzOk1vZGFrOk1PREFLMTk5NUVWQUxVLTAucGRmAA4AKgAUAE0ATwBEAEEASwAxADkAOQA1AEUAVgBBAEwAVQAtADAALgBwAGQAZgAPABQACQBoAGEAbQByAG8AbABsAHUAcAASAERVc2Vycy9qbGNvbmxpbi9Eb2N1bWVudHMvRWR1Y2F0aW9uL1BhcGVycy9Nb2Rhay9NT0RBSzE5OTVFVkFMVS0wLnBkZgATAAEvAAAVAAIAD///AADSHh8gIVgkY2xhc3Nlc1okY2xhc3NuYW1loyEiI11OU011dGFibGVEYXRhVk5TRGF0YVhOU09iamVjdF8QJy4uLy4uL1BhcGVycy9Nb2Rhay9NT0RBSzE5OTVFVkFMVS0wLnBkZtIeHyYnoicjXE5TRGljdGlvbmFyeQAIABEAGgAfACkAMgA3ADoAPwBBAFMAXABiAGkAcAB4AIMAhQCIAIoAjACPAJEAkwCdAKoArwC3ALkCgQKGAo8CmgKeAqwCswK8AuYC6wLuAAAAAAAAAgEAAAAAAAAAKAAAAAAAAAAAAAAAAAAAAvs=},
	Bdsk-Url-1 = {http://apps.isiknowledge.com/InboundService.do?product=WOS&action=retrieve&SrcApp=Papers&UT=A1995QN46800003&SID=4C8L%2540oPPfNJCIM4loBK&SrcAuth=mekentosj&mode=FullRecord&customersID=mekentosj&DestFail=http%253A%252F%252Faccess.isiproducts.com%252Fcustom_images%252Fwok_failed_auth.html}}

@article{Dahl:1979Eigen-0,
	Author = {E. B. Dahl and N. G. Sjostrand},
	Date-Added = {2009-05-27 15:39:40 -0400},
	Date-Modified = {2009-05-28 15:37:23 -0400},
	Journal = {Nuclear Science and Engineering},
	Language = {English},
	Local-Url = {file://localhost/Users/jlconlin/Documents/Education/Papers/DAHL/DAHL1979EIGENVALUE-DAHL1979p2344.pdf},
	Month = {Jan},
	Number = {1},
	Pages = {114--125},
	Pmid = {A1979GC20700018},
	Rating = {0},
	Title = {Eigenvalue Spectrum of Multiplying Slabs and Spheres for Monoenergetic Neutrons with Anisotropic Scattering},
	Uri = {papers://92D2E5BB-E3F3-4D37-B5C7-54C2F5A87E75/Paper/p2344},
	Volume = {69},
	Year = {1979},
	Bdsk-File-1 = {YnBsaXN0MDDUAQIDBAUGCQpYJHZlcnNpb25UJHRvcFkkYXJjaGl2ZXJYJG9iamVjdHMSAAGGoNEHCFRyb290gAFfEA9OU0tleWVkQXJjaGl2ZXKoCwwXGBkdJCVVJG51bGzTDQ4PEBEUViRjbGFzc1dOUy5rZXlzWk5TLm9iamVjdHOAB6ISE4ACgAOiFRaABIAGWWFsaWFzRGF0YVxyZWxhdGl2ZVBhdGjSDRobHFdOUy5kYXRhgAVPEQG8AAAAAAG8AAIAAAloYW1yb2xsdXAAAAAAAAAAAAAAAAAAAAAAAADGFiH4SCsAAABp73oTREFITDE5NzlFSUdFTi0wLnBkZgAAAAAAAAAAAAAAAAAAAAAAAAAAAAAAAAAAAAAAAAAAAAAAAAAAAAAAAAAAABV6csWvU78AAAAAAAAAAAACAAMAAAkgAAAAAAAAAAAAAAAAAAAABERBSEwAEAAIAADGFlo4AAAAEQAIAADFr5oPAAAAAQAYAGnvegAJ8bAACdKlAAi6LAAIuhUAAHmIAAIATGhhbXJvbGx1cDpVc2VyczpqbGNvbmxpbjpEb2N1bWVudHM6RWR1Y2F0aW9uOlBhcGVyczpEQUhMOkRBSEwxOTc5RUlHRU4tMC5wZGYADgAoABMARABBAEgATAAxADkANwA5AEUASQBHAEUATgAtADAALgBwAGQAZgAPABQACQBoAGEAbQByAG8AbABsAHUAcAASAEJVc2Vycy9qbGNvbmxpbi9Eb2N1bWVudHMvRWR1Y2F0aW9uL1BhcGVycy9EQUhML0RBSEwxOTc5RUlHRU4tMC5wZGYAEwABLwAAFQACAA///wAA0h4fICFYJGNsYXNzZXNaJGNsYXNzbmFtZaMhIiNdTlNNdXRhYmxlRGF0YVZOU0RhdGFYTlNPYmplY3RfECUuLi8uLi9QYXBlcnMvREFITC9EQUhMMTk3OUVJR0VOLTAucGRm0h4fJieiJyNcTlNEaWN0aW9uYXJ5AAgAEQAaAB8AKQAyADcAOgA/AEEAUwBcAGIAaQBwAHgAgwCFAIgAigCMAI8AkQCTAJ0AqgCvALcAuQJ5An4ChwKSApYCpAKrArQC3ALhAuQAAAAAAAACAQAAAAAAAAAoAAAAAAAAAAAAAAAAAAAC8Q==}}

@article{Saad:1980Varia-0,
	Abstract = {It is shown that the method of Arnoldi can be successfully used for solvinglarge unsymmetric eigenproblems. Like the symmetric Lanczos method, Arnoldi's algorithm realizes a projection process onto the Krylov subspace Km spanned by v1,Av1,...,Am-1v1, where v1 is the initial vector. We therefore study the convergence of the approximate eigenelements obtained by such a process. In particular, when the eigenvalues of A are real, we obtain bounds for the rates of convergence similar to those for the symmetric Lanczos algorithm. Some practical methods are presented in addition to that of Arnoldi, and several numerical experiments are described.},
	Address = {NEW YORK},
	Author = {Saad, Y.},
	Cited-Reference-Count = {21},
	Cited-References = {ARNOLDI WE, 1951, Q APPL MATH, V9, P17 BJORCK A, 1979, NORD TIDSKR INFORM, V19, P145 DANIEL JW, 1976, MATH COMPUT, V30, P772 GOLUB GH, 1977, MATH SOFTWARE, V3, P361 JENNINGS A, 1975, J I MATH APPL, V15, P351 KANIEL S, 1966, MATH COMPUT, V20, P369 KRASNOSELSKII MA, 1972, APPROXIMATE SOLUTION LANCZOS C, 1950, J RES NAT BUR STAN B, V45, P255 LEWIS JG, THESIS LEWIS JG, 1977, 77595 STANF U REP LORENTZ GG, 1966, APPROXIMATION FUNCTI PAIGE CC, 1971, THESIS U LONDON PAIGE CC, 1974, SIAM J NUMER ANAL, V11, P197 PARLETT BN, 1980, SYMMETRIC EIGENVALUE RUHE A, 1979, MATH COMPUT, V33, P680 SAAD Y, UNPUBLISHED SAAD Y, 1974, THESIS U GRENOBLE SAAD Y, 1979, SEMINAR NUMERICAL AN, P321 STEWART GW, UNPUBLISHED STEWART GW, 1973, INTRO MATRIX COMPUTA WILKINSON JH, 1965, ALGEBRAIC EIGENVALUE},
	Date-Added = {2009-05-22 15:39:10 -0400},
	Date-Modified = {2009-05-22 15:39:10 -0400},
	Document-Type = {Article},
	Isi = {ISI:A1980KR27600014},
	Isi-Document-Delivery-Number = {KR276},
	Iso-Source-Abbreviation = {Linear Alg. Appl.},
	Issn = {0024-3795},
	Journal = {Linear Algebra and its Applications},
	Language = {English},
	Local-Url = {file://localhost/Users/jlconlin/Documents/Education/Papers/Saad/Saad1980Variati.pdf},
	Number = {DEC},
	Page-Count = {27},
	Pages = {269--295},
	Publication-Type = {J},
	Publisher = {ELSEVIER SCIENCE INC},
	Publisher-Address = {655 AVENUE OF THE AMERICAS, NEW YORK, NY 10010},
	Reprint-Address = {SAAD, Y, INST MATH APPL GRENOBLE,BP 53,F-38041 GRENOBLE,FRANCE.},
	Source = {LINEAR ALGEBRA APPL},
	Subject-Category = {Mathematics, Applied},
	Times-Cited = {209},
	Title = {Variations on Arnoldi's Method for Computing Eigenelements of large Unsymmetric Matrices},
	Volume = {34},
	Year = {1980},
	Bdsk-File-1 = {YnBsaXN0MDDUAQIDBAUGCQpYJHZlcnNpb25UJHRvcFkkYXJjaGl2ZXJYJG9iamVjdHMSAAGGoNEHCFRyb290gAFfEA9OU0tleWVkQXJjaGl2ZXKoCwwXGBkdJCVVJG51bGzTDQ4PEBEUViRjbGFzc1dOUy5rZXlzWk5TLm9iamVjdHOAB6ISE4ACgAOiFRaABIAGWWFsaWFzRGF0YVxyZWxhdGl2ZVBhdGjSDRobHFdOUy5kYXRhgAVPEQG8AAAAAAG8AAIAAAloYW1yb2xsdXAAAAAAAAAAAAAAAAAAAAAAAADGFiH4SCsAAAAJ8lITU2FhZDE5ODBWYXJpYXRpLnBkZgAAAAAAAAAAAAAAAAAAAAAAAAAAAAAAAAAAAAAAAAAAAAAAAAAAAAAAAAAAAAnyU8Hc0MgAAAAAAAAAAAACAAMAAAkgAAAAAAAAAAAAAAAAAAAABFNhYWQAEAAIAADGFlo4AAAAEQAIAADB3RcYAAAAAQAYAAnyUgAJ8bAACdKlAAi6LAAIuhUAAHmIAAIATGhhbXJvbGx1cDpVc2VyczpqbGNvbmxpbjpEb2N1bWVudHM6RWR1Y2F0aW9uOlBhcGVyczpTYWFkOlNhYWQxOTgwVmFyaWF0aS5wZGYADgAoABMAUwBhAGEAZAAxADkAOAAwAFYAYQByAGkAYQB0AGkALgBwAGQAZgAPABQACQBoAGEAbQByAG8AbABsAHUAcAASAEJVc2Vycy9qbGNvbmxpbi9Eb2N1bWVudHMvRWR1Y2F0aW9uL1BhcGVycy9TYWFkL1NhYWQxOTgwVmFyaWF0aS5wZGYAEwABLwAAFQACAA///wAA0h4fICFYJGNsYXNzZXNaJGNsYXNzbmFtZaMhIiNdTlNNdXRhYmxlRGF0YVZOU0RhdGFYTlNPYmplY3RfECUuLi8uLi9QYXBlcnMvU2FhZC9TYWFkMTk4MFZhcmlhdGkucGRm0h4fJieiJyNcTlNEaWN0aW9uYXJ5AAgAEQAaAB8AKQAyADcAOgA/AEEAUwBcAGIAaQBwAHgAgwCFAIgAigCMAI8AkQCTAJ0AqgCvALcAuQJ5An4ChwKSApYCpAKrArQC3ALhAuQAAAAAAAACAQAAAAAAAAAoAAAAAAAAAAAAAAAAAAAC8Q==},
	Bdsk-Url-1 = {http://www.sciencedirect.com/science/article/B6V0R-45GWNC9-J/2/f5a9c162b4d796b406e56f57b5d2812a}}

@book{Golub:1996Matri-0,
	Address = {Baltimore, MD, USA},
	Author = {Golub, Gene H. and Van Loan, Charles F.},
	Citeulike-Article-Id = {2122238},
	Date-Added = {2009-05-21 13:45:21 -0400},
	Date-Modified = {2009-05-21 13:45:41 -0400},
	Edition = {3rd},
	Isbn = {0801854148},
	Keywords = {algebra, book, computation, numerical},
	Posted-At = {2008-03-30 22:15:25},
	Priority = {2},
	Publisher = {Johns Hopkins University Press},
	Title = {Matrix computations},
	Year = {1996},
	Bdsk-Url-1 = {http://portal.acm.org/citation.cfm?id=248979}}

@inproceedings{Conlin:2009Relax-0,
	Abstract = {In a recent paper we have shown that an explicitly restarted Arnoldi's method can be used to calculate eigenvalues and eigenvectors for Monte Carlo criticality applications. In this paper we present further research in a Monte Carlo application of Arnoldi's method of minimized iterations. We have implemented a relaxed matrix-vector product to reduce the uncertainty of the mean of eigenvalue estimates while maintaining the convergence properties of Arnoldi's method.},
	Address = {Saratoga Springs, NY},
	Author = {Jeremy Lloyd Conlin and James Paul Holloway},
	Booktitle = {International Conference on Mathematics, Computational Methods \& Reactor Physics (M\&C 2009)},
	Date-Added = {2009-05-13 12:40:01 -0400},
	Date-Modified = {2009-05-13 12:41:59 -0400},
	Month = {May 3-7},
	Organization = {American Nuclear Society},
	Title = {Relaxation Scheme for Monte Carlo Explicitly Restarted Arnoldi's Method for Criticality Calculations},
	Year = {2009},
	Bdsk-File-1 = {YnBsaXN0MDDUAQIDBAUGCQpYJHZlcnNpb25UJHRvcFkkYXJjaGl2ZXJYJG9iamVjdHMSAAGGoNEHCFRyb290gAFfEA9OU0tleWVkQXJjaGl2ZXKoCwwXGBkdJCVVJG51bGzTDQ4PEBEUViRjbGFzc1dOUy5rZXlzWk5TLm9iamVjdHOAB6ISE4ACgAOiFRaABIAGWWFsaWFzRGF0YVxyZWxhdGl2ZVBhdGjSDRobHFdOUy5kYXRhgAVPEQHKAAAAAAHKAAIAAAloYW1yb2xsdXAAAAAAAAAAAAAAAAAAAAAAAADGFiH4SCsAAAAJ8dYVQ29ubGluMjAwOVJlbGF4LTAucGRmAAAAAAAAAAAAAAAAAAAAAAAAAAAAAAAAAAAAAAAAAAAAAAAAAAAAAAAAAAnx28XC5UcAAAAAAAAAAAACAAMAAAkgAAAAAAAAAAAAAAAAAAAABkNvbmxpbgAQAAgAAMYWWjgAAAARAAgAAMXDK5cAAAABABgACfHWAAnxsAAJ0qUACLosAAi6FQAAeYgAAgBQaGFtcm9sbHVwOlVzZXJzOmpsY29ubGluOkRvY3VtZW50czpFZHVjYXRpb246UGFwZXJzOkNvbmxpbjpDb25saW4yMDA5UmVsYXgtMC5wZGYADgAsABUAQwBvAG4AbABpAG4AMgAwADAAOQBSAGUAbABhAHgALQAwAC4AcABkAGYADwAUAAkAaABhAG0AcgBvAGwAbAB1AHAAEgBGVXNlcnMvamxjb25saW4vRG9jdW1lbnRzL0VkdWNhdGlvbi9QYXBlcnMvQ29ubGluL0NvbmxpbjIwMDlSZWxheC0wLnBkZgATAAEvAAAVAAIAD///AADSHh8gIVgkY2xhc3Nlc1okY2xhc3NuYW1loyEiI11OU011dGFibGVEYXRhVk5TRGF0YVhOU09iamVjdF8QKS4uLy4uL1BhcGVycy9Db25saW4vQ29ubGluMjAwOVJlbGF4LTAucGRm0h4fJieiJyNcTlNEaWN0aW9uYXJ5AAgAEQAaAB8AKQAyADcAOgA/AEEAUwBcAGIAaQBwAHgAgwCFAIgAigCMAI8AkQCTAJ0AqgCvALcAuQKHAowClQKgAqQCsgK5AsIC7gLzAvYAAAAAAAACAQAAAAAAAAAoAAAAAAAAAAAAAAAAAAADAw==}}

@inproceedings{Conlin:2008Arnol-0,
	Address = {Interlaken, Switzerland},
	Author = {Jeremy L. Conlin and James P. Holloway},
	Booktitle = {International Conference on Reactor Physics, Nuclear Power: A Sustainable Resource},
	Date-Added = {2009-05-13 12:39:55 -0400},
	Date-Modified = {2009-05-13 12:39:55 -0400},
	Month = {September 14-19},
	Title = {Arnoldi's Method of Minimized Iterations for Monte Carlo Criticality Calculations},
	Year = {2008}}

@techreport{Bouras:2000A-rel-1,
	Author = {A. Bouras and V. Frayss{\'e}},
	Date-Added = {2009-05-12 15:16:58 -0400},
	Date-Modified = {2009-05-12 15:16:58 -0400},
	Institution = {CERFACS},
	Local-Url = {file://localhost/Users/jlconlin/Documents/Education/Papers/Bouras/Bouras2000Arnoldi},
	Text = {A. Bouras and V. Fraysse. A relaxation strategy for the Arnoldi method in eigenproblems. Technical Report TR/PA/00/16, CERFACS, Toulouse, France, 2000.},
	Title = {A relaxation strategy for the Arnoldi method in eigenproblems},
	Year = {2000},
	Bdsk-File-1 = {YnBsaXN0MDDUAQIDBAUGCQpYJHZlcnNpb25UJHRvcFkkYXJjaGl2ZXJYJG9iamVjdHMSAAGGoNEHCFRyb290gAFfEA9OU0tleWVkQXJjaGl2ZXKoCwwXGBkdJCVVJG51bGzTDQ4PEBEUViRjbGFzc1dOUy5rZXlzWk5TLm9iamVjdHOAB6ISE4ACgAOiFRaABIAGWWFsaWFzRGF0YVxyZWxhdGl2ZVBhdGjSDRobHFdOUy5kYXRhgAVPEQG6AAAAAAG6AAIAAAloYW1yb2xsdXAAAAAAAAAAAAAAAAAAAAAAAADGFiH4SCsAAAAJ8cgRQm91cmFzMjAwMEFybm9sZGkAAAAAAAAAAAAAAAAAAAAAAAAAAAAAAAAAAAAAAAAAAAAAAAAAAAAAAAAAAAAAAAnxysLWLJ1QREYgQ0FSTwACAAMAAAkgAAAAAAAAAAAAAAAAAAAABkJvdXJhcwAQAAgAAMYWWjgAAAARAAgAAMLWZN0AAAABABgACfHIAAnxsAAJ0qUACLosAAi6FQAAeYgAAgBMaGFtcm9sbHVwOlVzZXJzOmpsY29ubGluOkRvY3VtZW50czpFZHVjYXRpb246UGFwZXJzOkJvdXJhczpCb3VyYXMyMDAwQXJub2xkaQAOACQAEQBCAG8AdQByAGEAcwAyADAAMAAwAEEAcgBuAG8AbABkAGkADwAUAAkAaABhAG0AcgBvAGwAbAB1AHAAEgBCVXNlcnMvamxjb25saW4vRG9jdW1lbnRzL0VkdWNhdGlvbi9QYXBlcnMvQm91cmFzL0JvdXJhczIwMDBBcm5vbGRpABMAAS8AABUAAgAP//8AANIeHyAhWCRjbGFzc2VzWiRjbGFzc25hbWWjISIjXU5TTXV0YWJsZURhdGFWTlNEYXRhWE5TT2JqZWN0XxAlLi4vLi4vUGFwZXJzL0JvdXJhcy9Cb3VyYXMyMDAwQXJub2xkadIeHyYnoicjXE5TRGljdGlvbmFyeQAIABEAGgAfACkAMgA3ADoAPwBBAFMAXABiAGkAcAB4AIMAhQCIAIoAjACPAJEAkwCdAKoArwC3ALkCdwJ8AoUCkAKUAqICqQKyAtoC3wLiAAAAAAAAAgEAAAAAAAAAKAAAAAAAAAAAAAAAAAAAAu8=},
	Bdsk-Url-1 = {citeseer.ist.psu.edu/bouras00relaxation.html}}

@inproceedings{Brown:2009A-Rev-0,
	Address = {Saratoga Springs, NY},
	Author = {Forrest B. Brown},
	Booktitle = {International Conference on Mathematics, Computational Methods \& Reactor Physics (M\&C 2009)},
	Date-Added = {2009-05-12 14:56:48 -0400},
	Date-Modified = {2009-05-12 15:02:49 -0400},
	Month = {May 3-7},
	Organization = {American Nuclear Society},
	Title = {A Review of Monte Carlo Criticality Calculations--Convergence, Bias, Statistics},
	Year = {2009},
	Bdsk-File-1 = {YnBsaXN0MDDUAQIDBAUGCQpYJHZlcnNpb25UJHRvcFkkYXJjaGl2ZXJYJG9iamVjdHMSAAGGoNEHCFRyb290gAFfEA9OU0tleWVkQXJjaGl2ZXKoCwwXGBkdJCVVJG51bGzTDQ4PEBEUViRjbGFzc1dOUy5rZXlzWk5TLm9iamVjdHOAB6ISE4ACgAOiFRaABIAGWWFsaWFzRGF0YVxyZWxhdGl2ZVBhdGjSDRobHFdOUy5kYXRhgAVPEQHEAAAAAAHEAAIAAAloYW1yb2xsdXAAAAAAAAAAAAAAAAAAAAAAAADGFiH4SCsAAAAJ8dEUQnJvd24yMDA5QSBSZXYtMC5wZGYAAAAAAAAAAAAAAAAAAAAAAAAAAAAAAAAAAAAAAAAAAAAAAAAAAAAAAAAAAEILRQAAAAAAAAAAAAAAAAACAAMAAAkgAAAAAAAAAAAAAAAAAAAABUJyb3duAAAQAAgAAMYWWjgAAAARAAgAAAAAAAAAAAABABgACfHRAAnxsAAJ0qUACLosAAi6FQAAeYgAAgBOaGFtcm9sbHVwOlVzZXJzOmpsY29ubGluOkRvY3VtZW50czpFZHVjYXRpb246UGFwZXJzOkJyb3duOkJyb3duMjAwOUEgUmV2LTAucGRmAA4AKgAUAEIAcgBvAHcAbgAyADAAMAA5AEEAIABSAGUAdgAtADAALgBwAGQAZgAPABQACQBoAGEAbQByAG8AbABsAHUAcAASAERVc2Vycy9qbGNvbmxpbi9Eb2N1bWVudHMvRWR1Y2F0aW9uL1BhcGVycy9Ccm93bi9Ccm93bjIwMDlBIFJldi0wLnBkZgATAAEvAAAVAAIAD///AADSHh8gIVgkY2xhc3Nlc1okY2xhc3NuYW1loyEiI11OU011dGFibGVEYXRhVk5TRGF0YVhOU09iamVjdF8QJy4uLy4uL1BhcGVycy9Ccm93bi9Ccm93bjIwMDlBIFJldi0wLnBkZtIeHyYnoicjXE5TRGljdGlvbmFyeQAIABEAGgAfACkAMgA3ADoAPwBBAFMAXABiAGkAcAB4AIMAhQCIAIoAjACPAJEAkwCdAKoArwC3ALkCgQKGAo8CmgKeAqwCswK8AuYC6wLuAAAAAAAAAgEAAAAAAAAAKAAAAAAAAAAAAAAAAAAAAvs=}}

@book{Saad:1992Numer-0,
	Author = {Yousef Saad},
	Date-Added = {2009-05-12 11:30:23 -0400},
	Date-Modified = {2009-05-12 11:30:23 -0400},
	Local-Url = {file://localhost/Users/jlconlin/Documents/Education/Papers/Saad/Saad1992Numeric.pdf},
	Publisher = {Manchester University Press},
	Title = {Numerical Methods for Large Eigenvalue Problems},
	Year = {1992},
	Bdsk-File-1 = {YnBsaXN0MDDUAQIDBAUGCQpYJHZlcnNpb25UJHRvcFkkYXJjaGl2ZXJYJG9iamVjdHMSAAGGoNEHCFRyb290gAFfEA9OU0tleWVkQXJjaGl2ZXKoCwwXGBkdJCVVJG51bGzTDQ4PEBEUViRjbGFzc1dOUy5rZXlzWk5TLm9iamVjdHOAB6ISE4ACgAOiFRaABIAGWWFsaWFzRGF0YVxyZWxhdGl2ZVBhdGjSDRobHFdOUy5kYXRhgAVPEQG8AAAAAAG8AAIAAAloYW1yb2xsdXAAAAAAAAAAAAAAAAAAAAAAAADGFiH4SCsAAAAJ8lITU2FhZDE5OTJOdW1lcmljLnBkZgAAAAAAAAAAAAAAAAAAAAAAAAAAAAAAAAAAAAAAAAAAAAAAAAAAAAAAAAAAAAnyVMHc0MgAAAAAAAAAAAACAAMAAAkgAAAAAAAAAAAAAAAAAAAABFNhYWQAEAAIAADGFlo4AAAAEQAIAADB3RcYAAAAAQAYAAnyUgAJ8bAACdKlAAi6LAAIuhUAAHmIAAIATGhhbXJvbGx1cDpVc2VyczpqbGNvbmxpbjpEb2N1bWVudHM6RWR1Y2F0aW9uOlBhcGVyczpTYWFkOlNhYWQxOTkyTnVtZXJpYy5wZGYADgAoABMAUwBhAGEAZAAxADkAOQAyAE4AdQBtAGUAcgBpAGMALgBwAGQAZgAPABQACQBoAGEAbQByAG8AbABsAHUAcAASAEJVc2Vycy9qbGNvbmxpbi9Eb2N1bWVudHMvRWR1Y2F0aW9uL1BhcGVycy9TYWFkL1NhYWQxOTkyTnVtZXJpYy5wZGYAEwABLwAAFQACAA///wAA0h4fICFYJGNsYXNzZXNaJGNsYXNzbmFtZaMhIiNdTlNNdXRhYmxlRGF0YVZOU0RhdGFYTlNPYmplY3RfECUuLi8uLi9QYXBlcnMvU2FhZC9TYWFkMTk5Mk51bWVyaWMucGRm0h4fJieiJyNcTlNEaWN0aW9uYXJ5AAgAEQAaAB8AKQAyADcAOgA/AEEAUwBcAGIAaQBwAHgAgwCFAIgAigCMAI8AkQCTAJ0AqgCvALcAuQJ5An4ChwKSApYCpAKrArQC3ALhAuQAAAAAAAACAQAAAAAAAAAoAAAAAAAAAAAAAAAAAAAC8Q==}}

@article{Arnoldi:1951The-P-0,
	Address = {Providence},
	Author = {Arnoldi, W. E.},
	Cited-Reference-Count = {3},
	Cited-References = {AITKEN AC, 1937, P ROY SOC EDINB, V57, P172 DUNCAN WJ, 1938, GALERKINS METHOD MEC, P1798 LANCZOS C, 1950, J RES NAT BUR STAN B, V45, P255},
	Date-Added = {2009-04-06 11:21:09 -0400},
	Date-Modified = {2009-04-06 11:21:09 -0400},
	Document-Type = {Article},
	Isi = {ISI:A1951XR60900002},
	Isi-Document-Delivery-Number = {XR609},
	Iso-Source-Abbreviation = {Q. Appl. Math.},
	Issn = {0033-569X},
	Journal = {Quarterly of Applied Mathematics},
	Language = {English},
	Local-Url = {file://localhost/Users/jlconlin/Documents/Education/Papers/Arnoldi/Arnoldi1951The%20Pri.pdf},
	Number = {1},
	Page-Count = {13},
	Pages = {17--29},
	Publication-Type = {J},
	Publisher = {AMER MATHEMATICAL SOC},
	Publisher-Address = {201 CHARLES ST, PROVIDENCE, RI 02940-2213},
	Source = {QUART APPL MATH},
	Subject-Category = {Mathematics, Applied},
	Times-Cited = {365},
	Title = {The Principle of Minimized Iterations in the Solution of the Matrix Eigenvalue Problem},
	Volume = {9},
	Year = {1951},
	Bdsk-File-1 = {YnBsaXN0MDDUAQIDBAUGCQpYJHZlcnNpb25UJHRvcFkkYXJjaGl2ZXJYJG9iamVjdHMSAAGGoNEHCFRyb290gAFfEA9OU0tleWVkQXJjaGl2ZXKoCwwXGBkdJCVVJG51bGzTDQ4PEBEUViRjbGFzc1dOUy5rZXlzWk5TLm9iamVjdHOAB6ISE4ACgAOiFRaABIAGWWFsaWFzRGF0YVxyZWxhdGl2ZVBhdGjSDRobHFdOUy5kYXRhgAVPEQHSAAAAAAHSAAIAAAloYW1yb2xsdXAAAAAAAAAAAAAAAAAAAAAAAADGFiH4SCsAAAAJ8bkWQXJub2xkaTE5NTFUaGUgUHJpLnBkZgAAAAAAAAAAAAAAAAAAAAAAAAAAAAAAAAAAAAAAAAAAAAAAAAAAAAAAAAnxu8Hc0LQAAAAAAAAAAAACAAMAAAkgAAAAAAAAAAAAAAAAAAAAB0Fybm9sZGkAABAACAAAxhZaOAAAABEACAAAwd0XBAAAAAEAGAAJ8bkACfGwAAnSpQAIuiwACLoVAAB5iAACAFJoYW1yb2xsdXA6VXNlcnM6amxjb25saW46RG9jdW1lbnRzOkVkdWNhdGlvbjpQYXBlcnM6QXJub2xkaTpBcm5vbGRpMTk1MVRoZSBQcmkucGRmAA4ALgAWAEEAcgBuAG8AbABkAGkAMQA5ADUAMQBUAGgAZQAgAFAAcgBpAC4AcABkAGYADwAUAAkAaABhAG0AcgBvAGwAbAB1AHAAEgBIVXNlcnMvamxjb25saW4vRG9jdW1lbnRzL0VkdWNhdGlvbi9QYXBlcnMvQXJub2xkaS9Bcm5vbGRpMTk1MVRoZSBQcmkucGRmABMAAS8AABUAAgAP//8AANIeHyAhWCRjbGFzc2VzWiRjbGFzc25hbWWjISIjXU5TTXV0YWJsZURhdGFWTlNEYXRhWE5TT2JqZWN0XxArLi4vLi4vUGFwZXJzL0Fybm9sZGkvQXJub2xkaTE5NTFUaGUgUHJpLnBkZtIeHyYnoicjXE5TRGljdGlvbmFyeQAIABEAGgAfACkAMgA3ADoAPwBBAFMAXABiAGkAcAB4AIMAhQCIAIoAjACPAJEAkwCdAKoArwC3ALkCjwKUAp0CqAKsAroCwQLKAvgC/QMAAAAAAAAAAgEAAAAAAAAAKAAAAAAAAAAAAAAAAAAAAw0=}}

@book{Watkins:2002Funda-0,
	Address = {New York},
	Author = {David S. Watkins},
	Date-Added = {2009-04-01 11:23:50 -0400},
	Date-Modified = {2009-04-01 11:23:50 -0400},
	Edition = {Second},
	Publisher = {Wiley-Interscience},
	Title = {Fundamentals of Matrix Computations},
	Year = {2002}}

@article{Sorensen:1992Impli-0,
	Abstract = {The Arnoldi process is a well-known technique for approximating a few eigenvalues and corresponding eigenvectors of a general square matrix. Numerical difficulties such as loss of orthogonality and assessment of the numerical quality of the approximations, as well as a potential for unbounded growth in storage, have limited the applicability of the method. These issues are addressed by fixing the number of steps in the Arnoldi process at a prescribed value k and then treating the residual vector as a function of the initial Arnoldi vector. This starting vector is then updated through an iterative scheme that is designed to force convergence of the residual to zero. The iterative scheme is shown to be a truncation of the standard implicitly shifted QR-iteration for dense problems and it avoids the need to explicitly restart the Arnoldi sequence. The main emphasis of this paper is on the derivation and analysis of this scheme. However, there are obvious ways to exploit parallelism through the matrix-vector operations that comprise the majority of the work in the algorithm. Preliminary computational results are given for a few problems on some parallel and vector computers.},
	Author = {Danny C Sorensen},
	Date-Added = {2009-03-27 16:37:34 -0400},
	Date-Modified = {2009-05-21 14:36:07 -0400},
	Journal = {SIAM Journal on Matrix Analysis and Applications},
	Keywords = {Gmres, Iterative Refinement, Polynomial Filter, Linear Algebra Subprograms, Implementation, Extended Set, Parallel Computing, Eigenvalues, ARNOLDI METHOD},
	Language = {English},
	Local-Url = {file://localhost/Users/jlconlin/Documents/Education/Papers/Sorensen/Sorensen1992Impli-0.pdf},
	Month = {Jan},
	Pages = {357--385},
	Pmid = {A1992HC84600025},
	Rating = {0},
	Read = {Yes},
	Title = {Implicit Application of Polynomial Filters in a k-step Arnoldi Method},
	Uri = {papers://92D2E5BB-E3F3-4D37-B5C7-54C2F5A87E75/Paper/p430},
	Volume = {13},
	Year = {1992},
	Bdsk-File-1 = {YnBsaXN0MDDUAQIDBAUGCQpYJHZlcnNpb25UJHRvcFkkYXJjaGl2ZXJYJG9iamVjdHMSAAGGoNEHCFRyb290gAFfEA9OU0tleWVkQXJjaGl2ZXKoCwwXGBkdJCVVJG51bGzTDQ4PEBEUViRjbGFzc1dOUy5rZXlzWk5TLm9iamVjdHOAB6ISE4ACgAOiFRaABIAGWWFsaWFzRGF0YVxyZWxhdGl2ZVBhdGjSDRobHFdOUy5kYXRhgAVPEQHYAAAAAAHYAAIAAAloYW1yb2xsdXAAAAAAAAAAAAAAAAAAAAAAAADGFiH4SCsAAAAJ8m4XU29yZW5zZW4xOTkySW1wbGktMC5wZGYAAAAAAAAAAAAAAAAAAAAAAAAAAAAAAAAAAAAAAAAAAAAAAAAAAAAAAAnyb8Q7jwgAAAAAAAAAAAACAAMAAAkgAAAAAAAAAAAAAAAAAAAACFNvcmVuc2VuABAACAAAxhZaOAAAABEACAAAxDvHSAAAAAEAGAAJ8m4ACfGwAAnSpQAIuiwACLoVAAB5iAACAFRoYW1yb2xsdXA6VXNlcnM6amxjb25saW46RG9jdW1lbnRzOkVkdWNhdGlvbjpQYXBlcnM6U29yZW5zZW46U29yZW5zZW4xOTkySW1wbGktMC5wZGYADgAwABcAUwBvAHIAZQBuAHMAZQBuADEAOQA5ADIASQBtAHAAbABpAC0AMAAuAHAAZABmAA8AFAAJAGgAYQBtAHIAbwBsAGwAdQBwABIASlVzZXJzL2psY29ubGluL0RvY3VtZW50cy9FZHVjYXRpb24vUGFwZXJzL1NvcmVuc2VuL1NvcmVuc2VuMTk5MkltcGxpLTAucGRmABMAAS8AABUAAgAP//8AANIeHyAhWCRjbGFzc2VzWiRjbGFzc25hbWWjISIjXU5TTXV0YWJsZURhdGFWTlNEYXRhWE5TT2JqZWN0XxAtLi4vLi4vUGFwZXJzL1NvcmVuc2VuL1NvcmVuc2VuMTk5MkltcGxpLTAucGRm0h4fJieiJyNcTlNEaWN0aW9uYXJ5AAgAEQAaAB8AKQAyADcAOgA/AEEAUwBcAGIAaQBwAHgAgwCFAIgAigCMAI8AkQCTAJ0AqgCvALcAuQKVApoCowKuArICwALHAtADAAMFAwgAAAAAAAACAQAAAAAAAAAoAAAAAAAAAAAAAAAAAAADFQ==},
	Bdsk-Url-1 = {http://apps.isiknowledge.com/InboundService.do?Func=Frame&product=WOS&action=retrieve&SrcApp=Papers&UT=A1992HC84600025&SID=4FencMIL6mEoID4fmJC&Init=Yes&SrcAuth=mekentosj&mode=FullRecord&customersID=mekentosj&DestFail=http%253A%252F%252Fwww.isinet.com%252Fisi%252Fproducts%252Fesource%252Fservice.html}}
